4212 5496
534 361 648 456 „DE
700 357 1279 459 ,ctsTOPHoRIs
1530 361 1624 477 9tv

189 483 482 602 'peritissimos
494 488 591 575 olim
606 493 824 610 sagittarios
841 493 1051 580 edracone
1067 493 1258 579 oriundos
1265 486 1358 582 esse.
1405 495 1592 611 Longilrs

227 605 308 688 hoe
327 627 461 689 autem
491 616 757 707 accersitum,
791 639 912 724 quam
937 633 982 692 ut
998 609 1212 694 collineare
1227 606 1373 724 possit:
1399 609 1590 725 idipsum·

209 747 310 832 ⁴qne
340 715 597 808 subodoratus
624 749 684 808 est
702 731 875 838 Begerus
898 729 995 838 ipse.
1042 731 1200 810 Etenim
1215 726 1407 839 quoniam
1424 725 1593 810 Creten·
1652 725 1656 730 ’

225 837 331 918 sium
362 831 612 951 serpentiferi
642 839 756 936 sunt,
788 841 886 924 srcut
911 865 952 926 et
978 842 1213 924 Asianorum
1241 843 1428 935 nummi,
1461 847 1592 960 arguit

149 995 151 1000 ·
226 945 334 1042 stam
353 947 402 1032 ab
419 952 1220 1066 AsianisCreteusesdeducereoriginem.
1252 967 1361 1045 Bene
1375 957 1564 1068 equidem
1577 991 1589 1052 3

209 1059 296 1146 sed
309 1069 574 1151 Asiaticorum
594 1073 749 1186 insigne
772 1066 1240 1183 cursespentes-fuerint,
1271 1067 1349 1150 hoc
1372 1075 1592 1154 etiamnum

213 1181 718 1296 :Begeroinvestigandum
734 1191 820 1268 erit.
854 1184 977 1268 Haud
989 1188 1064 1298 ipsi
1075 1181 1212 1304 hapret
1235 1209 1337 1298 aqua
1361 1186 1404 1265 in
1430 1184 1591 1294 conjec-

156 1339 158 1344 ·
215 1293 535 1380 randoerudire
559 1330 642 1382 non
666 1296 801 1385 minbs
824 1297 944 1412 quam
972 1299 1171 1410 sagaciter.
1217 1296 1440 1384 Contendit
1455 1305 1593 1413 itaque

212 1407 452 1521 serpentem
468 1412 517 1494 ab
534 1415 720 1501 Asiaticis.
736 1412 966 1526 adoptatum
981 1417 1022 1494 in
1039 1409 1259 1525 symbolum
1282 1472 1295 1507 ‚
1312 1410 1595 1526 qu'bsrgnifica-

228 1545 323 1606 tent
333 1521 493 1610 aliunde
504 1533 576 1641 ipsi
591 1528 697 1614 suant
710 1526 751 1613 se
762 1557 844 1612 non
859 1526 1007 1611 referre
1022 1533 1220 1640 originem
1236 1584 1247 1622 ,
1265 1524 1348 1620 sed,
1364 1525 1589 1642 serpentum

209 1637 381 1734 ¹„iustam
408 1671 432 1723 e
450 1665 553 1726 tetra
574 1647 658 1758 ipsa
673 1643 861 1739 oriundos
877 1640 913 1725 se
929 1639 1009 1725 esse
1027 1700 1037 1729 ‚
1057 1645 1303 1754 terrigenas,
1336 1643 1561 1740 αὐτόχθονας
1579 1703 1591 1741 ,

230 1773 378 1838 etcum
396 1755 579 1840 omnibus
600 1756 738 1874 passim
761 1755 916 1871 populis
939 1762 1074 1842 venire
1098 1754 1136 1838 se
1162 1753 1338 1870 possein
1365 1761 1598 1842 contentio.

231 1895 324 1950 nem
344 1871 603 1985 antiquitatis.
655 1871 772 1970 Talia
788 1873 1067 1968 ‚concedimus
1082 1895 1125 1954 et
1138 1899 1210 1954 nos
1224 1932 1235 1966 ,
1251 1869 1424 1956 Asiaticb
1437 1871 1592 1987 sapiunt

156 2073 164 2084 ,
232 2009 470 2069 commenta.
503 1985 636 2072 Sardis
646 1992 804 2072 attritos
818 2015 1012 2101 equorum
1025 1985 1184 2101 ungulis
1199 1985 1397 2100 serpentes
1409 2011 1593 2120 acceptos

232 2092 557 2186 fuissememorat
574 2102 810 2187 Herodotus
824 2099 911 2184 Lib.
926 2105 955 2185 1.
971 2104 1014 2183 in
1028 2102 1237 2214 augurium
1253 2101 1409 2198 futurae
1423 2109 1593 2188 excisio·

232 2215 294 2292 nis
324 2221 436 2327 regni
458 2217 627 2328 Lydici,
655 2216 958 2330 subigendorum
986 2214 1170 2299 videlicet
1200 2213 1250 2298 ab
1266 2213 1427 2302 advenis
1445 2218 1595 2302 incola·

231 2353 335 2414 rum.
379 2329 631 2443 serpentibus
645 2356 777 2414 autem
793 2389 804 2427 ,
819 2333 888 2442 qui
904 2355 927 2416 e
941 2353 1045 2412 terta
1058 2334 1141 2413 nati
1157 2326 1244 2413 sunt
1259 2331 1520 2426 ,denotantur
1536 2338 1594 2417 in·

232 2439 345 2526 colae
365 2502 376 2538 ,
402 2443 893 2534 eodemtesteHerodoto.
936 2443 1059 2528 Felici
1075 2443 1176 2528 adeo
1195 2448 1269 2527 niti
1281 2466 1413 2530 tamen
1430 2475 1511 2530 non
1528 2447 1593 2532 de·

233 2551 319 2639 buit
334 2556 564 2670 conjectura·
577 2564 773 2673 Begerus‚
794 2585 915 2674 quem
930 2558 1053 2644 latere
1064 2587 1147 2642 non
1162 2562 1292 2672 potuit
1305 2562 1499 2646 Asiaticos
1511 2591 1592 2645 non

232 2697 332 2754 unos
352 2674 570 2772 οἱυτόχθσνας
585 2672 623 2760 se
638 2673 864 2789 segloriari.
898 2673 1076 2760 Omissis
1101 2673 1205 2758 bene
1231 2673 1366 2758 multis
1382 2675 1555 2791 Aegypti
1578 2722 1602 2774 ,·

233 2783 368 2894 Syriae
388 2845 400 2881 ,
419 2789 655 2901 ipsius-adeo
668 2789 1024 2905 Graeciaepopulis
1041 2849 1053 2885 ,
1073 2789 1136 2872 vel
1153 2791 1259 2902 ipsae
1275 2795 1452 2904 Europae
1467 2799 1593 2878 natio·

237 2923 309 2978 nes
324 2895 538 3010 plurimae,
576 2904 772 3016 Scythae,
804 2904 984 2988 Thraces
1004 2961 1015 2998 ,
1043 2908 1220 2986 Ausones
1240 2959 1252 2998 ,
1275 2903 1404 2987 Sicani
1421 2905 1529 2989 idem
1542 2907 1593 2990 sr-

168 3107 172 3113 ,
238 3005 280 3094 bi
291 3009 434 3113 decus,
455 3045 596 3130 parem
610 3016 778 3130 gloriam
794 3016 1046 3102 asciscebaut.
1083 3029 1149 3108 An
1174 3045 1223 3102 ex
1239 3021 1421 3114 nummis,
1434 3018 1593 3136 serpen-

236 3122 365 3213 tiferis
382 3135 717 3230 Amantinorum,
744 3131 1107 3244 Amphipolitarom
1123 3128 1388 3229 ,Bullionttm
1408 3192 1419 3228 ‚
1443 3133 1596 3222 cassio.

236 3267 426 3353 pacorum
446 3305 458 3341 ,
488 3245 813 3358 Epidaurensium
832 3305 843 3342 ,
863 3251 1158 3331 ¹Nicaeensium
1173 3252 1277 3360 ,qui
1296 3253 1419 3332 etiam
1435 3279 1518 3348 non
1532 3283 1595 3336 ro-

238 3362 322 3467 gati
338 3363 554 3475 terrigenas
574 3359 615 3444 se
630 3361 858 3475 negabant,
886 3359 1074 3472 colligere
1092 3367 1179 3474 quis
1201 3361 1302 3444 velit
1317 3390 1406 3446 eam
1427 3369 1593 3451 istorum

237 3470 473 3583 populorum
488 3472 605 3562 fuisse
619 3498 821 3563 mentem,
850 3473 977 3562 utillo
994 3471 1169 3586 symbolo
1185 3471 1385 3572 ,trimano
1400 3477 1595 3588 baberen-

237 3609 331 3668 turr
362 3587 816 3703 ApudOiaelium‘Tab.
841 3617 943 3676 atvs.
975 3591 1099 3702 n‘’...3.
1130 3591 1394 3675 ex2Hadriani
1425 3623 1598 3680 nummo·

238 3697 449 3788 exhibetur
466 3709 558 3796 Asia
571 3701 711 3790 dextra
724 3703 949 3822 praeferens
964 3702 1183 3819 serpentem
1201 3763 1211 3799 ,
1230 3734 1349 3819 quem
1357 3709 1481 3792 ,Asiae
1495 3709 1593 3824 sym.

240 3810 376 3902 bolum
397 3847 494 3903 cave
512 3849 563 3904 ne
578 3818 725 3904 dixeris
750 3882 761 3918 ,
795 3822 1199 3933 utjammonuimuss
1218 3844 1277 3904 est
1297 3827 1403 3906 enim
1417 3821 1593 3913 Sabazio-

239 3956 329 4018 l'um
342 3937 497 4046 insigne
511 3996 521 4025 ,
537 3938 796 4046 mutiet-ipyt'ur
809 3943 991 4035 Βακχικῶν
1006 3939 1058 4038 [a
1074 3941 1122 4039 ].v
1144 3937 1438 4020 Provinciamm
1453 3975 1591 4052 papare-

231 4040 288 4156 iia
301 4070 367 4136 „et
381 4052 549 4161 insignia
569 4048 712 4134 eadem
727 4047 815 4140 sunt
828 4049 1070 4136 inomnibus
1087 4051 1332 4134 numismatis
1349 4078 1414 4134 eas
1428 4061 1590 4167 provin-

240 4165 320 4243 cias
332 4162 657 4276 exprimentibus.
688 4169 765 4250 Sic
782 4166 954 4279 Phryoia
969 4163 1154 4279 peculiari
1175 4224 1186 4259 ,
1209 4163 1590 4370 et.oblongooperta

242 4274 375 4388 pileo,
407 4281 658 4367 Mauretania
674 4273 765 4364 cum
789 4234 924 4397 equob,
946 4279 1093 4365 Arabia
1103 4308 1199 4362 cum
1215 4277 1368 4364 camelo
1391 4307 1432 4366 et
1445 4313 1485 4368 ar
1515 4287 1593 4372 oria
1648 4331 1651 4338 ·

227 4389 456 4480 ,thuriferae
472 4423 583 4480 ramo
597 4452 609 4490 ,
625 4396 931 4488 Baunoniacum
946 4392 1262 4520 fignomilitari..
1286 4397 1591 4512 Hispaniarum

308 4647 363 4728 ,sa
370 4653 385 4733 )
403 4653 533 4718 Clemens
544 4631 721 4738 itll'rotrept.
