4212 5496
514 363 614 454 os
684 312 1288 457 crsiorsiours.
1486 397 1589 482 ως.

277 489 430 584 Falsam
444 489 495 578 de
508 493 713 578 nummulo
723 513 911 609 argenteo
927 489 1167 605 Cistophoro
1181 487 1492 606 suppositionem
1510 496 1583 582 ad-

220 613 399 695 mittenti
427 667 439 706 ,
477 607 730 720 cohaerentia
756 606 851 692 velit
880 600 1001 688 modb
1036 607 1177 720 loqui,
1204 631 1311 692 totus
1339 611 1446 694 Festi
1472 607 1583 696 locus

222 723 416 837 susdeque
442 723 653 812 vertendus
681 728 757 808 erit
778 781 789 816 ‚
807 745 866 804 ⁴er
897 722 954 806 ita
981 717 1158 810 fortassis,
1187 719 1402 836 legendus:
1439 722 1585 812 Euboi·

221 867 315 922 cum
332 837 526 923 talentum
542 837 692 952 septem
719 834 889 920 millium
906 860 949 920 et
963 841 1278 951 quingentorum
1294 836 1583 952 cistophorum

222 977 313 1039 cst:
345 977 511 1052 nostro,
542 951 606 1038 sex
622 941 790 1038 millhrm
807 975 970 1035 centum
994 976 1036 1034 et
1056 955 1171 1040 unius
1197 951 1309 1068 supra
1335 950 1585 1068 septuaginta

222 1069 492 1157 denariorum.
526 1067 648 1178 Qrod
665 1065 822 1180 planum
838 1070 916 1149 erit
931 1070 1132 1152 revocanti
1147 1070 1188 1150 in
1201 1073 1432 1152 memoriam
1442 1067 1585 1153 drach·

225 1213 334 1268 mam
361 1185 536 1268 Atticam
566 1208 786 1296 congruere
801 1209 893 1264 cum
913 1191 1099 1270 Romano
1122 1180 1314 1282 denario,
1337 1183 1584 1271 Euboicum·

224 1327 308 1414 que
323 1301 517 1384 talentum
533 1324 715 1386 constare
732 1325 810 1380 una
826 1295 938 1411 supra
955 1294 1159 1411 sexaginta
1173 1299 1301 1384 urinas
1320 1299 1501 1393 Atticas,
1525 1295 1586 1384 se·
1632 1357 1641 1370 ·

228 1419 437 1527 ptuaginta
459 1439 503 1498 ct
529 1410 609 1498 und
630 1410 830 1497 drachmis
856 1441 949 1494 curn
975 1411 1101 1497 tribus
1123 1409 1311 1527 septimis.
1355 1414 1587 1525 Cistophori

227 1533 402 1644 pretium
426 1532 548 1643 igitur
578 1554 664 1612 turn
682 1525 788 1610 foret
802 1526 959 1610 denarii
984 1532 1123 1615 unius,
1157 1551 1199 1610 ct
1225 1522 1344 1642 paulb
1365 1527 1587 1613 minlrsund

227 1639 336 1728 sexti
348 1666 489 1759 parte,
512 1642 591 1727 sive
615 1647 716 1726 tanti
732 1640 918 1726 denarius
947 1641 1129 1736 valeret,
1158 1641 1355 1757 quantiam
1370 1643 1591 1758 Cisropho«

224 1773 316 1848 rus,
345 1783 387 1876 ct
408 1771 499 1875 τζζ-ξ,
531 1769 651 1870 Quae
668 1757 695 1839 st
711 1756 942 1840 admittatur
964 1783 1142 1872 unquam
1169 1754 1426 1850 emendatio,
1450 1760 1586 1844 festus

230 1879 273 1956 in
289 1875 405 1958 Festo
424 1881 510 1988 ipso
527 1869 777 1988 quaerendus
797 1875 889 1954 erit.
1242 1854 1258 1886 '

154 1982 171 2013 ¹
295 1986 421 2072 Aliter
436 1986 553 2103 plane
574 1985 848 2071 hariolaudum
862 1987 997 2083 soret,
1021 1984 1052 2098 sr
1074 1984 1360 2102 intelligendus
1382 1989 1430 2073 iit
1452 1991 1588 2078 Festus

225 2102 282 2188 de
298 2101 473 2190 Euboico
493 2103 643 2213 talentp
663 2100 733 2188 illo
747 2104 857 2212 cujus
883 2105 1033 2188 mentio
1055 2101 1161 2214 apud
1178 2101 1387 2216 Polybium
1404 2118 1422 2207 (
1433 2134 1459 2180 a
1474 2116 1513 2205 ),
1546 2131 1589 2189 et

230 2219 391 2330 Liviqm
410 2228 428 2317 l
445 2215 512 2326 b).
562 2221 718 2305 Etenim
751 2219 917 2312 Lucium
944 2219 1167 2329 Scipionem
1200 2221 1338 2318 inter,
1372 2243 1414 2305 et
1441 2217 1589 2306 Antio-

229 2331 354 2417 chum
370 2337 565 2447 Magnum
593 2337 732 2414 initam
753 2357 975 2415 memorant
993 2359 1158 2443 pacem,
1183 2338 1281 2418 eain
1298 2341 1433 2447 primis
1447 2335 1590 2420 condi·

229 2448 374 2546 tione,
405 2480 449 2532 ut
468 2449 659 2538 Romanis
676 2475 701 2529 a
719 2472 811 2560 rege
828 2446 1054 2562 quindecim
1075 2443 1199 2550 millia
1219 2443 1416 2533 talentsim
1436 2451 1589 2536 Euboi-

231 2592 372 2648 corum
393 2564 673 2680 penderentur.
703 2557 829 2670 Qudd
847 2561 1065 2674 praedictos
1082 2566 1185 2645 inter
1199 2585 1357 2648 autores
1374 2572 1591 2651 convenire

234 2706 315 2760 non
332 2681 512 2764 videatur
539 2675 655 2774 „hoc
670 2681 781 2792 parvi
794 2681 969 2764 interest.
1022 2679 1217 2785 Qramvis
1233 2677 1398 2794 Polybio
1419 2710 1591 2765 consen-

232 2797 309 2877 tiat
334 2797 497 2890 Livius,
528 2793 625 2875 dum
646 2792 698 2875 de
721 2795 926 2905 propositis
944 2793 1050 2905 pacis
1066 2791 1386 2887 conditionibus‚
1418 2795 1591 2910 quindei
1643 2833 1647 2846 ·

234 2914 314 2992 cim
335 2907 482 3004 scilicet
497 2904 620 2992 millia
632 2906 781 2990 talenta
794 2906 882 2988 fore
902 2905 1081 2987 Euboica
1100 2963 1112 2998 ,
1141 2931 1318 2991 attamen
1332 2909 1427 2993 dum
1450 2911 1503 2995 de
1527 2939 1593 2996 ac-

236 3015 362 3136 ceptis
384 3025 525 3109 iisdem
542 3019 865 3116 conditionibus,
896 3017 1049 3104 talenta
1073 3018 1142 3104 illa
1168 3017 1249 3105 esse
1263 3024 1398 3107 Attica
1417 3054 1593 3138 pronun·

233 3143 329 3225 ciat.
371 3139 447 3222 Sed
466 3141 580 3220 Livio
596 3133 646 3218 eh
669 3135 747 3220 loci
762 3133 969 3248 Polybium
985 3137 1245 3220 convertendi
1267 3138 1460 3224 mendum
1479 3140 1592 3227 obre-

237 3260 325 3365 psit.
378 3257 470 3340 Hoc
500 3249 692 3364 liquidem
721 3278 845 3333 unum
865 3279 889 3334 a
913 3248 1075 3362 Polybio
1105 3251 1314 3352 asseritur,
1340 3256 1592 3373 pendendam

238 3363 428 3454 Romanis
454 3369 661 3482 pecuniam
678 3362 813 3478 uipydpx
829 3362 918 3446 fore
940 3362 1071 3450 A’rluul
1086 3363 1219 3478 spru-s,
1251 3399 1302 3452 ex
1323 3370 1593 3482 probatissimo

238 3474 544 3567 Atheniehsium
561 3505 738 3593 argento.
785 3478 943 3598 Qubus
961 3480 1089 3573 verbis
1102 3478 1268 3597 speciem
1286 3481 1442 3568 tantiun
1457 3515 1595 3600 argen-

241 3602 299 3688 ti,
326 3629 408 3680 non
427 3595 523 3683 verb
549 3601 742 3678 rationem
769 3651 780 3690 ‚
806 3600 924 3678 utita
944 3595 1103 3692 dicam,
1134 3595 1422 3682 indwidualem
1451 3631 1594 3685 mone·
1690 3642 1700 3660 ·

239 3735 306 3796 tae
332 3707 627 3826 designantibus
647 3707 850 3817 nonsatis
877 3701 1048 3793 aticndir
1072 3715 1237 3808 Livius,
1264 3741 1392 3827 eaque
1409 3713 1531 3799 latine
1551 3722 1593 3806 in

243 3831 377 3911 Attica
397 3828 545 3910 talenta
558 3824 767 3912 transtulit.
807 3825 871 3908 Ut
884 3823 1154 3937 gravissimum
1171 3827 1504 3914 eratAEubo'icum
1532 3853 1592 3913 ta-

244 3938 423 4040 lentum,
451 3941 503 4027 src
530 3963 571 4024 et
588 3938 792 4054 purissima
813 3937 1091 4056 purissimaque
1108 3943 1240 4026 Attica
1256 3946 1434 4054 pecunia.
1483 3948 1593 4029 Hinc

244 4083 382 4168 pacem
404 4069 451 4139 u'r
465 4056 706 4152 redimeret,
735 4083 921 4168 magnam
938 4054 1041 4138 hanc
1054 4066 1225 4170 Jam·per
1239 4055 1278 4140 se
1293 4062 1500 4171 pecuniam
1517 4056 1593 4143 sol·
1652 4091 1660 4113 =
1792 4117 1801 4134 .

127 4183 132 4194 '
240 4193 527 4262 uerecoactus
549 4193 609 4252 est
628 4168 871 4284 Antiochus,
900 4168 965 4254 sed
992 4167 1243 4284 iniquissimis
1270 4171 1592 4273 conditionibus,

233 4282 476 4408 ¹,gravissimis
504 4282 689 4384 uidelicet
718 4285 905 4381 talentis,
927 4310 969 4369 et
988 4310 1155 4400 argento
1183 4290 1350 4401 optimo.
1397 4294 1593 4396 Uniuscu.

317 4549 339 4618 -[
351 4549 392 4620 a]
418 4550 513 4628 Legat.
524 4549 631 4636 XXlY.
686 4545 758 4628 [l]
774 4547 1000 4624 sib.xxxv11.
1012 4551 1212 4622 erxxxvlu.
1237 4632 1315 4720 Η
