4212 5496
501 336 561 410 62
804 311 911 422 ¹DE*
981 311 1549 410 ClSTOPHORIS.
1729 403 1732 410 .

545 447 734 542 feliciter
761 445 910 528 nodum
937 441 1041 526 forte
1071 442 1261 542 solveris,
1287 445 1315 526 sr-
1338 444 1487 528 dixeris-
1510 445 1646 529 aetatu
1670 440 1827 526 saciant
1843 457 1866 537 ,r
1938 529 1942 542 ,

529 594 602 648 uae
617 559 828 673 Ephesinis
846 553 1066 642 inscribitur
1081 558 1337 670 Cistophoris.
1377 563 1466 642 Nee
1480 560 1573 642 huic
1595 560 1869 668 conjecturae

497 597 565 762 sua
588 675 771 758 defutura
785 669 874 754 sunt
889 697 1130 782 argumenta.
1180 675 1374 756 Omnium
1398 696 1578 756 teruntur
1595 671 1775 758 manibus
1784 678 1868 751 ar*

497 814 642 904 gentes
660 788 916 900 Vespasiani,
933 788 1043 874 Titi,
1061 789 1308 880 Domitiani,
1333 789 1495 870 Nervae
1510 790 1745 871 numismata
1754 810 1864 868 cum·

501 902 718 1019 epigraphe
745 919 900 987 ΕΤΟΥΣ
931 919 1060 986 ΝΕΟΥ
1098 919 1265 993 IEPOTs
1292 901 1401 984 adeo
1416 929 1498 980 non
1529 900 1701 984 insolens
1723 925 1784 984 est
1806 902 1861 979 in·

498 1023 671 1103 nummis
687 1044 777 1120 aera
802 1009 919 1098 satra.
946 1009 1074 1097 Nulli
1090 1015 1354 1126 insigniuntur
1375 1011 1465 1096 aeri
1489 1012 1654 1110 civiles,
1678 1011 1779 1097 srfas
1794 1019 1867 1095 ita:

496 1130 610 1249 loqui
629 1189 641 1226 ,
663 1125 954 1242 Ephesinorum
970 1131 1124 1210 nummi
1143 1185 1155 1221 ,
1183 1125 1640 1241 quotquotsrgnatisunt
1654 1127 1793 1211 abillis
1809 1131 1863 1208 in

495 1253 767 1332 Romanorum
790 1263 1029 1356 potestatem
1050 1241 1233 1327 redactis.
1288 1243 1379 1326 Uni·
1398 1263 1532 1324 tamen
1559 1241 1735 1354 gaudent
1757 1269 1869 1354 epo-¹

498 1355 574 1443 chal
591 1355 846 1470 Cistophori‚
862 1384 963 1466 quos
986 1353 1080 1437 clun
1103 1355 1504 1439 demonstraverimus
1521 1355 1771 1464 Sabaziorum
1783 1383 1867 1436 oce

485 1459 660 1558 ‘casione
682 1469 849 1581 fignatus
864 1464 996 1562 fuisse,
1008 1466 1155 1552 sacram
1171 1493 1372 1552 monetam
1386 1463 1536 1552 merito·
1548 1467 1859 1584 possisappella-
1958 1463 1963 1474 ’

497 1617 556 1672 re.
594 1566 900 1699 Epoclraautem
916 1585 1106 1694 inscripta.
1127 1587 1296 1664 nummis
1314 1587 1401 1664 unis
1425 1579 1625 1696 religionis
1646 1582 1867 1696 ergdconae'

498 1697 630 1787 fiatis,
656 1697 750 1780 dum
769 1698 915 1778 caeteri
931 1696 1229 1780 omuesibidem
1245 1692 1406 1778 conflati
1422 1691 1561 1780 eidem
1577 1721 1737 1780 careant
1750 1757 1762 1786 ‚
1774 1723 1822 1780 ea
1844 1754 1865 1792 ,

501 1820 700 1926 inquam,
733 1808 883 1922 epocha
910 1836 978 1888 cur
1011 1806 1114 1892 sacra
1146 1837 1228 1890 non
1254 1807 1488 1921 appellanda
1514 1815 1589 1892 erit
1619 1833 1637 1892 r·
1667 1814 1864 1910 Diximus
1930 1801 1934 1810 ³

503 1929 791 2029 Dionysiorum
815 1949 987 2004 annuam
1006 1922 1331 2005 celebritatem-in
1352 1925 1445 2006 Asia
1460 1948 1614 2006 tantam
1627 1921 1777 2018 fuisse,
1806 1943 1863 2004 ut.

509 2037 559 2136 ab
578 2043 639 2120 'eis
670 2035 901 2149 quondam,
933 2058 1028 2117 ante
1049 2042 1245 2118 institutas
1265 2034 1553 2148 Olympiades,
1584 2061 1764 2150 tempora
1779 2038 1862 2119 dis-

511 2156 729 2238 criminata
751 2147 897 2230 fuerint
912 2182 931 2242 3·
956 2177 1026 2230 cur
1061 2149 1124 2233 ab*
1140 2153 1362 2242 institutis,
1403 2157 1649 2234 renovatisve
1683 2151 1864 2234 Sabaziis·

503 2270 614 2376 idem
644 2262 827 2374 Ephesini
853 2258 1066 2357 factitare,
1095 2287 1141 2346 et
1165 2263 1411 2374 Cistophoris
1440 2256 1629 2346 mandare
1661 2269 1862 2377 nequive-

506 2368 616 2465 rint?
659 2385 719 2468 Ut
748 2400 794 2458 ut
824 2378 904 2470 sis,
935 2375 1130 2486 Ephesius
1152 2435 1166 2470 ‚
1186 2374 1237 2459 de
1259 2403 1337 2487 qua
1367 2385 1522 2486 agimus
1546 2436 1557 2472 ,
1584 2405 1675 2459 aera
1698 2377 1793 2460 facit
1811 2401 1862 2458 ut.

508 2497 646 2606 opiner
678 2487 935 2599 Cistophoros
965 2492 1062 2598 istos
1085 2485 1205 2602 longi:
1230 2515 1321 2574 ante
1351 2492 1628 2579 Romanorum
1653 2492 1698 2577 in
1719 2495 1870 2578 Asiam.

507 2597 858 2691 aduentumsuisse
872 2595 1085 2706 conflatos,

1134 3057 1240 3147 m

348 3285 399 3392 132
424 3282 500 3389 ers·
586 3289 747 3404 Cietae⁸
769 3319 846 3403 qua
878 3291 1031 3402 prosilit
1056 3287 1266 3405 serpensin
1290 3317 1476 3384 coronae
1496 3286 1872 3382 baccisnhedserae

298 3379 504 3542 {aprunos-
519 3401 628 3490 foliis
653 3409 881 3517 composita.
941 3417 972 3508 l(
999 3425 1242 3494 ΚΡΗΤΑΙΩΝ
1256 3410 1299 3488 in
1324 3410 1404 3488 ima
1421 3415 1574 3491 nummi
1592 3433 1700 3520 parte
1717 3443 1729 3501 5
1745 3414 1788 3489 in
1804 3411 1872 3492 su·-

316 3493 351 3568 ⁰s
371 3496 445 3542 ms.
517 3523 690 3635 periuri,
715 3521 838 3626 tripos
856 3555 877 3613 5·
893 3519 1034 3602 dextro
1048 3522 1169 3605 latere
1183 3513 1745 3634 ,monogrammaconflatuus
1758 3519 1864 3606 litte*

522 3641 573 3716 ris
591 3656 697 3716 ΔΛΕ.
729 3657 798 3744 aut
815 3657 887 3716 ΜΕ.
903 3661 994 3714 cum
1010 3635 1115 3716 linea
1130 3637 1383 3717 transversali·
1391 3631 1687 3750 superimposita
1703 3670 1715 3730 3
1736 3633 1871 3726 laevo.

520 3745 674 3858 serpeus
697 3743 848 3828 ferulae
871 3746 1115 3858 implicitum*
1134 3754 1175 3830 iu
1199 3745 1330 3828 media
1349 3749 1684 3866 area,.ser.pentes
1709 3751 1872 3863 gemini

521 3859 837 3969 complectuntur
858 3859 1115 3972 pharetratis,
1150 3883 1406 3944 autumnum
1426 3868 1467 3949 in
1482 3887 1563 3976 qua
1576 3893 1698 3947 attus.

542 4067 546 4074 ,
582 3977 696 4059 Cista
718 3999 764 4054 ut
789 3968 915 4084 sopri.
965 3985 1001 4078 )(
1032 3981 1133 4061 Duo
1153 3974 1348 4089 serpentes
1373 3976 1501 4062 iidem¹
1524 3977 1874 4090 plsaretrame,aut

524 4113 699 4170 vannum
730 4091 873 4198 inqua
900 4117 1048 4183 arcus,
1076 4089 1294 4172 ambientes
1316 4123 1338 4182 3¹-
1356 4091 1497 4174 dextro
1525 4095 1704 4205 margine
1725 4095 1873 4189 afni's

581 4313 858 4402 Cistaeadem.
911 4321 945 4417 l(
967 4325 1169 4430 Serpentes
1192 4339 1232 4396 et
1250 4315 1458 4427 pharetra,
1488 4346 1556 4406 aut
1582 4348 1737 4416 vannus
1752 4345 1796 4402 ut
1819 4325 1869 4404 in

521 4423 735 4538 superiori,
761 4423 824 4509 sed
837 4427 917 4510 fine
933 4459 1050 4525 arcus
1078 4437 1121 4517 in
1137 4433 1281 4519 vertice
1295 4438 1449 4518 utmrmi
1468 4431 1749 4533 u1sinferil1s,
1773 4454 1873 4530 1915

525 4540 645 4626 latere
664 4542 831 4639 dextro,
867 4561 965 4630 ΚΡΗ.
1050 4637 1054 4651 ,

2065 2941 2066 3016 l

524 4200 665 4293 laevo,
683 4198 843 4288 telum-s
868 4204 910 4282 in
932 4204 1010 4282 ima
1030 4208 1182 4286 nummi
1198 4228 1311 4316 parte-
1339 4222 1466 4289 ΚΡΗ,
