4212 5496
544 367 633 432 ιο).
826 335 948 438 ,ΒΕ
999 336 1584 434 clsTotHoltl-s„

531 467 684 554 scenica
717 463 928 566 (ludorum
947 495 1094 584 nempe
1117 473 1359 554 comicorum
1387 467 1531 582 quibus
1561 491 1695 564 ortum
1724 460 1895 546 dederat

534 583 738 686 Bacchus)
772 578 884 698 supet
898 589 1067 679 cistam,
1091 613 1185 668 cum
1199 582 1594 697 duobustbyrsisper
1611 585 1895 664 transversum.

535 700 689 788 Aereus
702 723 763 782 est
778 695 844 784 hic
861 727 1047 786 nummus
1059 728 1110 782 ex
1121 725 1211 784 aere
1229 701 1349 784 tertio
1361 701 1404 782 in
1417 725 1516 812 gaza
1528 696 1776 782 Lebretiana·
1824 690 1893 776 Ad

534 816 743 927 utriusque
759 811 1082 910 fimilitudiuem,
1102 819 1194 900 etin
1207 814 1380 898 eundem
1398 811 1502 898 fone
1523 810 1674 898 sensum
1693 812 1893 920 accipien-

465 943 470 956 ’
536 927 612 1010 dus
624 928 778 1012 accedit
794 927 934 1019 Vibiae
948 933 1080 1042 gentis
1091 930 1301 1026 denarius,
1329 932 1467 1014 Patino
1479 927 1580 1016 Tab.
1598 935 1629 1012 1.
1649 928 1711 1008 ni.
1729 931 1767 1012 6.
1785 919 1896 1006 Vail-

535 1041 662 1126 lautio
684 1044 750 1130 η’.
768 1071 857 1134 xtr.
883 1043 958 1128 ubi·
980 1069 1102 1158 eaput
1130 1042 1296 1130 Liberae
1320 1040 1470 1128 hederi
1494 1042 1755 1136 coronatum,
1781 1036 1891 1120 huie

534 1179 650 1240 trois.
694 1159 842 1270 Pagina
860 1157 983 1244 altera
1003 1157 1125 1244 habet
1141 1183 1257 1273 ceput
1276 1156 1472 1244 scenicum
1496 1158 1603 1242 idem
1624 1214 1638 1253 ,
1664 1155 1896 1264 eodemque

536 1269 909 1386 mododispositum
935 1271 1205 1387 superatam,
1235 1304 1330 1356 curn
1359 1272 1496 1386 thyrso
1512 1297 1756 1370 transverse,
1788 1296 1891 1382 pan·

458 1391 461 1396 ’
535 1383 650 1470 theri
672 1384 835 1500 pedibus
852 1385 1111 1473 anterioribus
1135 1393 1175 1470 in
1198 1415 1307 1472 aram
1329 1389 1527 1472 insiliente
1547 1446 1564 1488 ‚
1585 1411 1627 1469 et
1638 1385 1890 1470 circumscri-

533 1527 602 1615 pta
626 1501 876 1615 epigraphe:
906 1503 959 1586 C.
981 1503 1204 1590 VIBIVS
1226 1545 1230 1554 ·
1255 1503 1490 1587 VARVS.
1634 1529 1636 1535 ⁴

590 1639 658 1702 ΛΑ
668 1638 702 1705 Q
714 1641 744 1700 Δ
756 1635 946 1704 ΙΚΕΩΝ.
978 1629 1111 1732 Caput
1126 1616 1268 1707 Bacchi
1283 1615 1468 1702 muliebri
1482 1605 1895 1707 cultuffinistrorsltm‚.

532 1729 584 1823 ad
608 1729 793 1817 humeros
818 1763 912 1818 cum
929 1731 1041 1818 stela.
1095 1739 1126 1833 ll
1145 1753 1233 1817 ΑΙΑ.
1278 1753 1577 1828 emmelos„
1602 1724 1766 1814 Aeolice
1789 1715 1886 1812 n'nir

532 1873 606 1960 pro
624 1845 731 1934 n'uir.
774 1845 1122 1960 Caputscenicum
1138 1845 1380 1934 decumbens
1397 1847 1506 1961 supra
1523 1849 1783 1930 viminaceam
1811 1846 1887 1925 cis·

529 1985 611 2046 tam
631 1987 746 2072 equa
762 1955 916 2074 serpens
930 1966 1130 2073 emergit:
1152 1961 1301 2046 dextro·
1312 1968 1468 2045 nummi
1491 1963 1644 2055 latere,
1672 1952 1787 2068 spica.
1827 1963 1886 2041 Ex

527 2103 622 2160 aere
635 2101 798 2188 qunque
811 2079 928 2161 tertio
940 2079 1045 2188 apud
1060 2079 1113 2164 D.
1133 2076 1256 2160 Roule
1273 2075 1484 2176 Massiliae,

505 2190 509 2198 '
535 2260 539 2271 ,
578 2189 674 2276 a’nlr
695 2185 982 2278 Arniensidem
997 2187 1107 2274 sonat
1122 2194 1162 2273 in
1179 2211 1413 2282 rectocasu‘,
1433 2215 1711 2304 atqueaevum
1725 2181 1885 2266 Bacchi-

530 2329 639 2390 eutn·
689 2304 776 2390 Nus
790 2300 912 2390 latinb
933 2363 944 2399 ,
977 2304 1201 2406 Aeternitas
1221 2307 1365 2397 Bacchi
1386 2365 1397 2400 ,
1423 2335 1524 2418 quae
1541 2308 1670 2419 potuit
1684 2302 1886 2386 eriamde-

531 2422 662 2500 notnti
681 2443 851 2530 quatuor
878 2417 1153 2532 elephantibus
1172 2423 1215 2502 in
1243 2451 1357 2506 curru
1384 2419 1569 2502 Liberum
1587 2427 1739 2502 Famem
1755 2414 1884 2498 dedu·

532 2530 715 2614 centibus
733 2591 745 2627 ,
765 2562 814 2614 ex
831 2559 996 2616 nummo
1012 2563 1129 2618 aereo
1144 2535 1338 2620 Gordiani
1354 2538 1413 2620 Pii
1432 2593 1444 2630 ,
1470 2554 1711 2622 ΝΙΚΑΙΕΩΝ.
1747 2529 1886 2612 Aeter-

530 2643 699 2732 nitatem
715 2647 926 2758 elephante
944 2647 1181 2762 expresserat
1194 2658 1234 2736 in
1247 2648 1321 2734 suis
1339 2652 1511 2734 nummis
1528 2650 1729 2762 Philippus
1745 2641 1891 2734 senior,

393 2757 407 2802 ·’
534 2759 718 2872 exemplo
740 2765 809 2847 Ti.
829 2765 1238 2876 CaesarisAugustum
1262 2825 1273 2860 ‚
1306 2767 1482 2854 Neronis
1514 2767 1775 2878 Aggripinam
1798 2787 1884 2842 ma·

533 2896 664 2974 trem,
700 2880 786 2964 Titi
813 2879 1126 2989 Vespasianum,
1153 2881 1317 2991 Traiani
1332 2881 1509 2966 Nervam
1541 2887 1581 2963 in
1604 2883 1786 2962 Deorum
1816 2905 1888 2956 nu-

529 3015 686 3076 merum
699 2989 917 3076 referentis.
970 2993 1172 3078 Nummus
1187 3019 1297 3078 extat
1312 2996 1483 3078 Antonii
1496 2999 1555 3079 Pii
1569 2994 1736 3108 fignatus
1746 2993 1787 3072 iu
1802 2995 1882 3074 Ae-

414 3165 419 3170 ·
530 3123 684 3217 gyptn‚
708 3109 916 3218 inscriptus
942 3131 983 3187 L.
1008 3128 1202 3210 uenient.
1230 3107 1332 3210 adeo
1356 3137 1437 3188 non
1459 3106 1632 3222 primism
1652 3107 1823 3190 occurrit
1840 3107 1884 3186 in

491 3231 495 3242 '
529 3221 705 3302 nummis
737 3217 804 3302 illa
827 3249 923 3304 vost.
963 3217 1046 3304 Hic
1067 3246 1201 3306 tamen
1219 3227 1260 3304 in
1277 3251 1368 3306 eum
1395 3219 1549 3308 sensum
1573 3219 1732 3308 deflecti
1754 3241 1888 3333 petest

526 3357 650 3445 quem
668 3330 900 3444 praeferunt
922 3338 1313 3432 nummiMaxentii,
1334 3341 1502 3416 Aeternis
1508 3334 1701 3446 felicitas:
1722 3331 1888 3418 Diocle·
1987 3333 1990 3340 ’

528 3449 629 3554 tiani
649 3505 659 3541 ,
686 3445 1026 3557 Temporaftlr‘rr’nr
1042 3487 1045 3496 ¹
1061 3451 1256 3536 Hadriani
1267 3451 1456 3534 Saeculum
1473 3471 1635 3536 narrem·
1671 3452 1885 3562 Utriusque

528 3565 776 3648 numismatis
801 3562 951 3674 figurae
974 3587 1020 3646 et
1028 3563 1308 3650 convenientia
1324 3591 1459 3652 vetant
1472 3595 1525 3650 ne
1542 3564 1706 3650 nntium
1719 3565 1883 3656 Praeto-

528 3679 583 3756 ris
602 3701 670 3756 aut
688 3677 1096 3787 Magistratirsnomen
1114 3678 1313 3792 proprium
1327 3685 1606 3796 interpreteris·
1651 3685 1714 3768 De
1728 3677 1888 3792 serpen-

474 3794 480 3801 ’
529 3815 571 3871 te
600 3787 744 3872 bacchi
773 3815 820 3877 et.
831 3796 1077 3882 aeternitatis
1092 3793 1271 3908 symbolo
1294 3794 1477 3881 omnibus
1490 3819 1588 3882 nuto
1600 3820 1755 3882 nonest
1770 3794 1884 3910 quod
1956 3807 1959 3814 ’

527 3930 711 4018 agamus·
1446 3983 1451 3994 .
1541 3929 1546 3998 ζ
1642 3934 1644 3943 ’

588 4022 1886 4140 Totius,qnantusqnantusest,mundi·Bacchusptaesesetmode-

531 4157 641 4216 ratot
657 4130 872 4246 supr'emusr
887 4141 1137 4250 omnipotens
1149 4141 1257 4224 idem
1275 4144 1348 4255 qui
1363 4139 1429 4224 sibi
1445 4141 1583 4226 sufficit
1600 4171 1717 4236 unus,
1728 4140 1882 4256 sceptri·

529 4245 591 4332 ser
606 4252 777 4330 inuictus
792 4254 804 4345 (
820 4259 880 4352 a).
923 4251 1063 4336 Talem
1078 4282 1101 4338 a
1131 4281 1290 4338 noscere
1306 4280 1365 4339 est
1381 4253 1557 4368 serpente
1572 4257 1820 4371 designatum
1835 4265 1880 4344 in

529 4362 779 4446 Cretensium
795 4373 991 4459 nummis,
1017 4367 1086 4450 nbi
1099 4279 1277 4482 suprema
1290 4371 1373 4481 ejus
1385 4375 1565 4486 potentia
1580 4375 1689 4491 Jovis
1707 4377 1885 4486 imagine

616 4619 686 4698 [a]
706 4620 822 4687 Aristid.
836 4621 961 4705 Orpheus
972 4623 1124 4704 inHynrn.
1137 4629 1281 4702 Nemus,
1305 4629 1368 4693 Lib.
1380 4629 1472 4692 X1X.
