4212 5496
525 375 597 482 78
840 355 939 450 DE
973 350 1586 455 *CISTOPzHORIfS

357 551 360 558 -
526 483 756 604 coarguerit
786 484 992 599 plerasque
1017 487 1244 595 hujusmodi
1262 492 1482 600 opiniones.
1538 491 1663 576 Mitto
1676 488 1905 602 igiturex:

530 611 758 719 cogitatum
772 601 822 685 ab
836 603 931 686 Ant.
948 603 1169 712 Augustino
1185 624 1389 714 tropaeum
1411 635 1423 695 3
1452 604 1568 685 mitto
1584 607 1798 715 Gasparem
1813 606 1908 689 Ge»

534 726 708 805 vartium
727 715 1028 803 adumbrantem
1053 713 1293 828 serpentibus
1324 722 1383 801 M.
1411 721 1630 805 Antonium
1653 742 1694 799 et
1714 719 1906 833 Cleopa-

535 859 637 926 tram
657 835 998 946 ,atqueRomani
1013 833 1171 941 imperii
1184 827 1368 925 dissidia,
1394 828 1622 944 bellumque
1635 834 1752 916 civile
1772 868 1784 929 3
1812 861 1906 916 non

536 977 671 1046 motor
693 945 932 1039 ,Rubenium
963 949 1174 1049 Cretenses
1189 939 1443 1054 ,serpentibus
1466 949 1781 1058 insignienrem,
1822 977 1907 1033 nec

536 1057 774 1162 Motelliuut
785 1058 1037 1152 refricantem
1055 1057 1273 1152 Alexandri
1291 1062 1432 1171 Magni
1457 1057 1507 1142 ad
1526 1063 1657 1147 Asiam
1676 1061 1907 1176 appulsum.

537 1183 581 1286 111
600 1170 1618 1290 illis,expetrderrdis'opioionibuanonimmorandum
1637 1175 1770 1288 ,quas
1786 1170 1905 1264 retu·

538 1289 651 1388 iisse,
678 1287 865 1390 refutasse
877 1311 947 1376 est.
981 1291 1046 1374 „At
1067 1286 1348 1378 absHatduino
1362 1295 1594 1398 percontari
1611 1288 1731 1372 liceat
1745 1321 1827 1404 quo
1843 1297 1906 1382 ni·

540 1433 618 1500 :xus
647 1402 910 1500 fundamento
926 1398 1074 1494 ,asserat
1101 1429 1169 1514 per
1183 1400 1334 1512 legatos
1360 1405 1520 1484 Octavii
1540 1403 1905 1504 Caesaristertium

539 1518 729 1617 Consulis
754 1525 887 1606 Asiatn
898 1521 954 1609 ¹in
980 1517 1203 1626 libertatem
1215 1511 1345 1608 „fuisse
1361 1517 1604 1624 ,vindicatam
1622 1545 1645 1598 a
1660 1518 1904 1604 Parthorum

540 1631 889 1732 infestationibus}
916 1631 999 1720 Cur
1014 1629 1604 1743 Syrimraadeoqueimperium
1618 1633 1826 1717 Orientale
1837 1665 1903 1736 ve·

542 1745 592 1848 lit
607 1753 647 1828 io
662 1746 733 1828 illo
749 1775 915 1842 nummo
927 1743 1187 1856 significatum
1205 1746 1321 1848 Asiae
1336 1747 1528 1838 nominer
1556 1749 1623 1830 De
1635 1747 1696 1830 his
1710 1756 1865 1832 nummi
1882 1811 1900 1853 ¹,

543 1892 601 1945 ne
615 1860 681 1973 ppo*
700 1862 890 1973 quidem,
912 1855 993 1940 inid
1009 1856 1441 1954 contrariumsuadent.
1473 1864 1899 1975 latioremptaererea

548 1976 665 2086 liujus
685 1977 881 2072 nominis(
899 1976 994 2068 Asia
1009 1973 1085 2070 )'iu
1103 1973 1180 2055 hoc
1194 1971 1903 2084 numismatefignificationemsuisse

547 2095 662 2186 eccui
684 2086 930 2200 persuasurus
947 2114 1033 2182 est,
1060 2087 1178 2201 quim
1195 2092 1237 2170 in
1253 2087 1336 2174 aliis
1349 2089 1525 2197 ejusdem
1553 2093 1749 2205 Augusti,
1774 2090 1900 2176 Tibe-

543 2210 633 2298 rii,
659 2204 842 2298 Claudii,
870 2203 1068 2292 Hadriani
1094 2206 1289 2312 inscriptis
1314 2198 1440 2286 modi)
1458 2203 1607 2316 Colli.
1650 2206 1743 2292 Ast.
1778 2203 1897 2302 model

556 2318 904 2416 c1V1TATtssvs
946 2319 1102 2410 ASIAE
1143 2317 1486 2412 AESTttvm
1515 2314 1643 2402 ‘modd
1672 2322 1817 2405 AstAr
1845 2319 1900 2404 lbi

508 2521 511 2526 ,
540 2431 645 2544 1Αείέ
660 2429 932 2546 propriedicta
952 2427 1060 2524 ,sive
1077 2429 1363 2526 Proconsularis
1384 2432 1643 2545 intelligenda
1657 2438 1780 2515 venit.
1817 2437 1903 2517 Ne·

549 2577 633 2660 que
645 2546 833 2636 audiendi
849 2547 918 2656 qui
930 2548 1048 2638 Asiae
1064 2569 1245 2656 receptae
1256 2549 1422 2630 ,nomine
1443 2552 1651 2629 victoriam
1667 2550 1869 2632 Actiacam
1891 2611 1904 2646 ,

550 2687 620 2760 aut
638 2690 781 2756 aerae,
804 2686 923 2772 quam
950 2684 1119 2753 vocant,
1142 2665 1396 2772 Augustanae
1414 2661 1905 2777 exordiuminterpreran-

555 2801 633 2878 tur.
672 2780 828 2890 Ergone
843 2773 893 2868 ad
908 2777 1101 2866 Asiaticos
1117 2803 1215 2860 unos
1230 2778 1412 2860 Actiacae
1433 2778 1620 2859 victoriae
1633 2777 1908 2864 redundarunt

552 2889 739 2992 fructus,
752 2916 926 3000 unumve
946 2885 1055 2968 illius
1077 2891 1266 2974 victoriae
1287 2886 1602 3004 emolumentum
1624 2888 1702 2974 fuit
1728 2896 1820 2984 Asia
1836 2923 1902 2978 re-

551 3030 702 3122 cepta?
730 3006 767 3088 Si
786 3003 844 3098 ,ad
862 3005 997 3098 Asiam
1008 3007 1259 3096 ¹feavt'etoria
1283 3008 1542 3114 pertinuerit,
1560 3011 1695 3088 curin
1709 3006 1907 3094 ‚omnibus

553 3123 641 3230 ejus
659 3115 743 3216 fere
757 3119 1003 3214 numismatis
1020 3144 1128 3202 aeras
1144 3115 1320 3229 alioquin
1338 3113 1570 3229 multiplices
1584 3120 1905 3232 exprimentibus,

553 3241 791 3346 Augustana
806 3257 962 3344 „quam
977 3227 1140 3325 dicunt,
1165 3259 1254 3316 aeta
1270 3229 1539 3318 desideratur?
1572 3235 1656 3320 Cur
1670 3263 1757 3318 eam
1773 3238 1907 3320 inseri·

558 3376 669 3464 ptam
686 3347 825 3432 volunt
839 3349 881 3428 in
900 3347 988 3440 unis
1009 3373 1131 3454 prope.
1140 3347 1272 3458 Syriae
1286 3349 1489 3434 nummis?
1510 3350 1652 3460 ,Hujus
1675 3355 1845 3461 regionis
1855 3381 1906 3435 ex

556 3469 721 3566 Actiaca
746 3460 1302 3572 ricroriaconditiopotiorne
1318 3457 1426 3556 fuit,
1459 3459 1578 3574 quim
1595 3463 1728 3546 illius?
1760 3463 1910 3548 Refun

555 3579 676 3670 datur
692 3574 847 3676 necesse
861 3577 1087 3677 esrinitium
1099 3602 1241 3669 aerae,
1295 3579 1470 3685 uaeipsis
1482 3580 1714 3691 Augustana
1731 3578 1907 3692 dicipia-

560 3699 647 3774 cuit
668 3747 681 3783 ‚
705 3686 1233 3798 in‚,temporaexpeditionis
1261 3603 1365 3772 illius
1387 3747 1398 3784 ,
1423 3719 1500 3800 qua
1529 3691 1721 3801 adjunctis
1736 3696 1907 3778 Octavii

518 3807 520 3812 '
561 3807 767 3900 Caesaris,
792 3800 1081 3912 ercleopatrae
1100 3797 1326 3894 foederatae
1339 3799 1463 3916 ‘copiis
1479 3807 1540 3891 M.
1562 3810 1758 3894 Antonius
1776 3812 1911 3894 Arme

437 3943 439 3948 ’
561 3924 669 4016 niam
678 3924 789 4031 cepit
807 3941 946 4029 ,atque
961 3914 1107 4007 deyicit
1126 3913 1591 4029 ,ueloquunturnumms
1628 3923 1909 4008 EParthotum

557 4033 751 4138 servitute
764 4055 859 4116 tunc
879 4055 1055 4142 ereptae,
1076 4055 1146 4120 aut
1165 4037 1277 4130 uovis
1291 4029 1743 4144 amplificataevidentur
1756 4066 1910 4150 praeto-

546 4151 702 4260 ‚garivjs
717 4145 926 4258 pleraeque
942 4147 1145 4240 civitates,
1164 4174 1267 4268 quae
1287 4149 1589 4234 novameitinde
1602 4179 1732 4242 aeram
1745 4156 1785 4234 in
1798 4182 1909 4236 num·

565 4265 640 4346 ntis
657 4257 728 4342 suis
742 4258 958 4371 auspicatae
970 4254 1072 4339 su'nt.
1115 4263 1257 4342 Aetam
1270 4258 1371 4344 hanc
1386 4259 1527 4346 frustra
1535 4269 1740 4376 repetieris
1753 4268 1803 4350 ab
1815 4272 1906 4352 Asia

559 4395 726 4484 ,recepta
744 4431 756 4474 ‚
784 4397 851 4466 aut
869 4372 919 4474 ab
948 4374 1110 4474 Actiaca
1131 4375 1296 4470 victoria
1313 4405 1445 4488 „quae
1464 4377 1615 4489 aliquot
1639 4377 1795 4466 tantlrm
1815 4390 1904 4496 post

568 4492 679 4580 annis
691 4509 884 4599 reportata
897 4508 977 4574 est,
1004 4490 1176 4568 Octavio
1193 4497 1366 4577 Caesare
1380 4496 1475 4604 Imp.
1497 4498 1563 4576 Vl.
1579 4493 1670 4584 Cos,
1685 4498 1735 4576 V.

552 4611 555 4622 '
643 4601 710 4730 ¹litt
737 4598 919 4694 omnibus
949 4598 1140 4726 siquidem
1155 4609 1325 4690 nummis
1347 4607 1509 4708 Octavii
1536 4609 1712 4721 Caesaris
1733 4631 1820 4722 post
1841 4607 1911 4698 At·

2071 531 2074 672 t
