4212 5496
175 451 177 456 Α
535 341 633 444 ΠΕ
704 336 1311 440 (ἶΙὸΤΟΡΗὈΡκΪΙὸ.
1549 371 1611 460 97

232 493 286 605 ret
302 474 426 585 piscis.
469 473 528 556 Ex
543 472 724 606 Orpbica
741 471 971 585 Theologia
986 469 1215 558 Macrobius
1231 469 1283 554 de
1297 464 1443 554 Libero
1457 496 1607 584 agens:

243 585 353 684 eder,
383 593 513 704 inquit
532 647 544 686 ‚
569 593 612 666 in
629 586 774 668 allorum
788 583 907 696 saeris
935 587 1100 668 tenditur
1118 583 1402 694 Titanrofierore
1429 590 1471 664 in
1490 614 1606 666 mem⁴

232 694 313 794 ¹bne
323 699 542 816 discerptus,
558 723 604 786 ..ee
614 700 753 810 frustis
759 701 912 812 sepultis
925 699 1046 784 turreis
1062 705 1177 782 vivres
1194 719 1231 780 et
1247 707 1388 811 integer
1402 697 1607 811 emersiſse,

169 843 174 854 ·
243 820 333 926 quie
359 813 441 916 siit,
466 845 568 930 quem
584 816 745 898 diximus
768 835 923 896 mentem
942 813 1096 907 vorari,
1126 844 1174 894 ex
1193 815 1390 916 individuo
1401 811 1606 926 praebendo

239 926 540 1037 sedivideeedem
560 994 572 1029 ‚
599 953 775 1022 retrursus¹
792 959 841 1016 ex
853 928 975 1010 diviso
993 931 1044 1010 ad
1058 927 1547 1021 individuum‘revertendo,
1572 950 1609 1034 er

91 1031 98 1050 ⁴
227 1041 375 1126 'nundi
390 1044 670 1160 impietoffieie,
694 1067 732 1124 et
747 1043 998 1154 natutaesteae
1010 1074 1150 1124 arcana
1168 1074 1236 1124 non
1250 1044 1394 1128 deserit.
1434 1045 1606 1129 Platoni·

246 1166 332 1258 ris,
364 1163 580 1255 adnutaute
590 1161 828 1252 bochardo,
848 1161 1001 1274 Geogr.
1015 1158 1107 1250 sacr.
1132 1158 1219 1250 Lib.
1236 1164 1524 1274 I..cap.xv111‚
1541 1159 1611 1243 ob·

235 1303 449 1360 servatum
459 1304 517 1362 est
530 1275 579 1360 ab
593 1277 760 1391 Orpheo
771 1279 905 1372 Lunae
921 1272 1106 1390 sphaerae
1120 1273 1368 1388 praefectum
1380 1272 1499 1366 fuisse
1511 1281 1609 1360 Bao-

233 1391 368 1475 .chum
384 1394 579 1488 Licniten,
600 1395 765 1475 Veneris
778 1388 966 1504 sphaerae
980 1389 1177 1476 Bacchum
1194 1392 1363 1484 Lisium,
1381 1390 1481 1478 Solis
1497 1395 1610 1480 Trie-

247 1511 438 1600 sericum,
471 1511 613 1604 Martis
643 1501 900 1606 Bassareunr,
930 1510 1041 1620 Jovis
1070 1503 1311 1602 sabaium,
1340 1507 1493 1601 Saturni
1511 1511 1609 1592 Ans-

246 1621 458 1732 phieteml,
487 1645 657 1716 ootavae
667 1614 850 1734 sphaerae
864 1625 1135 1704 Pericionium
1152 1679 1164 1716 ,
1182 1620 1506 1732 nonaedenique
1523 1623 1610 1702 Eri-

244 1735 443 1831 bromon,
467 1739 569 1821 adeo
601 1760 647 1828 ut
661 1736 840 1826 Bacchus
859 1732 1043 1818 omnibus
1061 1763 1161 1818 unus
1177 1733 1396 1849 etirngulis
1438 1737 1610 1832 lanceis,

245 1846 314 1940 scu
329 1849 416 1934 orbi
431 1855 615 1936 universo
643 1852 726 1944 dux
741 1875 783 1934 et
799 1873 927 1934 rector
941 1848 1104 1940 adesset.
1134 1764 1505 1963 *Quodrexpreiium
1522 1879 1612 1934 cte-

245 1964 414 2052 diderint
431 1969 536 2080 apud
553 1975 603 2054 R.
624 1973 666 2052 P.
682 1963 1015 2050 Monfauconium
1035 2026 1047 2063 ,
1081 1967 1222 2080 Antiq.
1240 1968 1361 2052 Tom.
1380 1968 1410 2052 1.
1429 1967 1535 2050 Part.
1558 1967 1607 2054 11.

228 2079 350 2186 xZi'ab.
369 2107 527 2172 extrrr.
550 2081 618 2174 ubi
635 2080 812 2174 Bacchus
830 2079 951 2194 giobo
960 2082 1127 2176 stellato
1143 2079 1322 2178 insidet,
1356 2107 1476 2194 quem
1497 2085 1607 2164 navis

248 2219 409 2280 temone
424 2197 631 2308 gubernat.
672 2202 791 2290 ,Hinc
805 2196 1030 2284 Alexander
1045 2199 1219 2308 Magnus
1231 2220 1443 2309 acceperat
1461 2194 1632 2288 Arabas⁴

179 2333 181 2338 ’
247 2311 348 2410 duos
379 2310 535 2408 tautirm
565 2313 679 2394 Deos
703 2311 867 2405 coiere,
899 2307 1088 2406 coelum,
1122 2335 1164 2394 et
1184 2311 1381 2406 Bacchum
1401 2317 1412 2408 (
1431 2339 1458 2388 a
1471 2319 1513 2410 ),
1545 2310 1612 2394 seu

219 2424 448 2518 ,Bacchum
476 2424 689 2508 coelestem
720 2420 761 2507 c't
790 2449 1048 2521 terrestrem
1075 2453 1169 2508 narn
1202 2423 1379 2512 Bacchus
1397 2431 1578 2518 Uranius
1593 2473 1628 2518 „-

247 2540 475 2646 coelestis,
510 2543 734 2654 ignigena,
760 2541 979 2652 Purigenes
1005 2539 1164 2626 dicitur,
1206 2542 1320 2633 ‘Inter
1347 2536 1521 2653 symbola
1542 2569 1610 2655 po.

247 2661 397 2738 tentiae
425 2655 614 2751 divinae,
646 2683 749 2770 quae
763 2653 884 2739 rebus
910 2654 1093 2740 omnibus
1113 2681 1244 2742 ortum
1275 2660 1536 2770 impertitur,
1567 2679 1610 2740 ct

250 2768 522 2881 providentiae
539 2830 549 2860 ‚
573 2800 676 2884 quae
692 2800 753 2870 res
763 2793 869 2854 ortas
884 2770 1168 2855 moderaturet
1181 2795 1387 2862 conservat
1402 2834 1413 2872 ,
1428 2771 1610 2858 medium

246 2883 352 2993 iacet
367 2889 661 2995 cornucopiam,
689 2911 734 2970 ut
753 2886 982 2973 ostendatur
1000 2885 1112 2974 ¹bona
1130 2889 1266 2970 omnia
1289 2890 1332 2967 in
1358 2886 1538 2971 homines
1558 2884 1608 2969 ab

249 3019 442 3098 autoreet
457 3021 735 3082 conservatore
749 2997 909 3081 Bnccbo
923 2997 1104 3081 derivari.
1144 3003 1256 3086 Hinc
1269 2999 1608 3110 juxtassusebium

251 3105 307 3214 (b)
324 3107 524 3194 fructuum
541 3137 581 3194 et
593 3111 814 3224 plantarum
829 3116 1010 3196 omnium
1027 3117 1149 3197 virtus
1165 3111 1341 3204 Bacchus
1351 3141 1525 3200 vocatur.
1551 3117 1609 3206 Ita

250 3226 557 3340 quoqueleges‚
582 3227 788 3329 scientias,
818 3252 921 3334 artes
937 3225 986 3310 ab
997 3227 1140 3314 eodem
1159 3228 1357 3344 profectas
1368 3260 1516 3316 corona
1534 3229 1607 3314 de-

248 3347 391 3454 signat.
432 3340 729 3438 ,Excellentium
744 3342 841 3424 olim
860 3349 1196 3434 virorumcorona
1207 3351 1433 3459 praemium
1452 3383 1461 3429 r
1488 3377 1606 3432 coto·

139 3479 144 3486 “
249 3456 944 3562 narumautenrinventor..Bacchus
1598 3541 1601 3549 ,

306 3572 352 3652 N
355 3599 454 3685 ycae
462 3569 504 3653 in
517 3570 700 3684 Bythinia
726 3569 897 3685 ignatus
916 3595 976 3656 est
995 3601 1178 3660 nummus
1197 3633 1209 3671 ,
1231 3573 1331 3658 dum
1352 3571 1531 3660 ibi-'Nero
1545 3575 1607 3662 Sa·

248 3683 396 3776 baaiis,
421 3684 662 3776 studetur,
688 3684 912 3776 interesset,
936 3714 976 3770 et
996 3685 1100 3790 forre
1119 3691 1295 3802 Prytanis
1309 3715 1438 3804 partes
1453 3717 1604 3805 ageret.

250 3800 366 3902 Nihil
381 3798 475 3886 huic
487 3804 718 3916 Imperatori
729 3831 942 3896 commune
957 3834 1048 3886 curn
1067 3803 1204 3916 figuris
1216 3810 1256 3887 in
1274 3834 1440 3892 nummo
1453 3811 1606 3922 expres·

248 3919 328 4012 sis,
359 3915 508 4028 nedum
527 3943 618 4000 curn
629 3922 864 4030 capricorno
884 3977 895 4014 ,
925 3917 1157 4031 quernscias
1178 3917 1325 4014 uelim,
1344 3919 1498 4007 ,Bacchi
1512 3950 1604 4033 pro·

249 4032 380 4144 prium
397 4027 497 4121 esse,
514 4053 563 4119 ut
573 4033 722 4114 evincit
736 4032 908 4126 ,Tristani
920 4062 1104 4118 nummus
1119 4031 1287 4140 aberit)
1302 4092 1313 4129 ,
1336 4037 1378 4117 in
1394 4063 1478 4148 quo
1490 4038 1603 4122 Deus

250 4148 524 4257 capricornum
540 4168 664 4240 tenet.
715 4153 759 4230 ln
779 4149 1082 4260 interpretandis
1099 4159 1386 4259 imperatorum
1402 4155 1451 4232 ct'
1462 4151 1606 4240 Caesa·

244 4287 337 4346 rum
369 4257 641 4375 frequentibus
664 4266 837 4358 nummis
860 4267 1089 4377 capricorno
1104 4264 1310 4375 insignitis
1330 4261 1510 4351 haerebit
1530 4263 1605 4352 tibi

295 4577 300 4584 .
344 4513 676 4600 [annianssibxii.
732 4523 802 4606 [b]
819 4529 1096 4608 ifraepAEsaofflib.
1114 4530 1162 4594 iii.
1215 4525 1230 4600 [
1240 4529 1378 4696 aggone
1389 4535 1425 4598 11.
1436 4544 1572 4613 iiidie·
