4212 5496
406 359 410 364 ’
539 391 659 486 on·
713 389 1298 495 crsrotuoxrszr
1522 401 1584 521 ‘79

222 517 399 608 mediant
421 531 612 637 captam,
652 526 770 610 etad
803 523 1084 614 Alexandriam
1112 527 1288 658 Aegypti
1317 551 1587 644 expugnatam

190 677 198 690 ·
227 661 355 746 usque
371 635 639 751 consignatis,
667 639 724 724 illi
742 646 810 724 uni
832 701 844 738 ,
866 647 935 754 qui
952 644 1094 753 quinto
1114 669 1197 752 ejus
1220 642 1428 726 consulatu
1446 649 1588 729 inseri·
1746 699 1751 708 ·

224 751 285 862 pti
300 742 387 835 sunt
409 811 420 848 ,
446 775 515 834 aut
540 755 591 836 ad
610 759 729 837 istum
752 755 999 839 consulatum
1018 753 1245 852 referendi,
1272 755 1441 868 plurima
1457 763 1585 842 victo-

225 865 309 946 riae
325 891 580 949 monurnenta
600 868 891 981 praetendunt,
917 897 1019 981 quae
1042 928 1054 964 ,
1082 869 1181 953 velis
1199 893 1212 963 ,·
1233 869 1361 966 nolis,
1384 872 1437 954 de
1455 871 1587 956 Actia·

194 998 199 1002 ·
220 1003 273 1059 ca
301 983 466 1064 victoria
490 982 757 1096 explicaturus
787 1013 838 1066 es.
875 985 959 1092 Qui
983 993 1209 1098 Aegyptum
1226 1006 1407 1097 captam.
1428 984 1586 1070 confec·

227 1113 396 1206 tumque
407 1091 556 1178 bellurn
565 1098 683 1181 civile
695 1123 787 1182 ante
801 1095 954 1181 sextum
970 1099 1133 1179 Octavii
1145 1103 1322 1181 Caesaris
1338 1099 1586 1187 consulatum

229 1203 401 1304 uolunt,
428 1237 583 1324 prorsus
603 1211 667 1294 vel
690 1215 901 1309 nesciunt,
924 1210 990 1294 vel
1016 1210 1113 1296 scire
1136 1207 1586 1302 sedilsimulantveteri·

222 1316 302 1404 ,bus
315 1327 486 1406 nummis
501 1322 835 1410 secontradicere.
920 1399 927 1410 .
1626 1343 1630 1350 '

211 1465 234 1508 ··
309 1435 518 1522 CAESAR
547 1441 665 1548 COS.
705 1445 776 1526 Vl.
816 1445 960 1552 Capite
984 1435 1120 1536 nudo,
1147 1435 1420 1523 dextrorsum:
1448 1444 1585 1557 pond.

223 1545 360 1632 lituus.
408 1563 447 1661 )(
472 1553 784 1647 AEGYPTO
816 1555 1014 1639 CAPTA.
1066 1551 1299 1639 Crocodilus
1325 1553 1585 1646 finistrorsltm

216 1688 450 1749 conversus.
499 1670 566 1751 Est
582 1700 632 1754 ex
646 1693 812 1781 argento
826 1672 866 1750 in
882 1695 982 1779 gaza
997 1667 1238 1752 Rothelina:
1545 1697 1550 1708 ¹

285 1781 563 1871 CAESAR
612 1787 759 1866 DlVl
792 1786 832 1868 F.
868 1783 995 1866 Cos
1035 1787 1113 1866 v1.
1158 1779 1585 1901 Nudoparitercaplte.

225 1895 264 1993 l(
288 1897 550 2088 AdEGYPIO
587 1897 783 1986 CAPTA.
824 1892 1071 1984 Crocodilus.
1123 1902 1183 1984 Ex
1205 1923 1325 1997 auro,
1350 1923 1392 1983 et
1416 1924 1585 2016 argento

217 2033 303 2118 ,πρυ
349 2013 567 2099 Oeconem.
1485 2091 1489 2109 .

289 2123 465 2208 Victoria
476 2117 548 2210 lua
567 2126 795 2211 humaniter
816 2158 936 2225 usus,
956 2127 1269 2211 Antonianarum
1281 2127 1453 2240 partium
1467 2126 1586 2216 secta·

215 2241 385 2318 :tores-in
399 2244 612 2324 amicitiam
625 2241 808 2350 adjunxit
822 2247 1015 2326 Octavius
1026 2241 1195 2337 Caesar,
1212 2264 1332 2354 atque
1342 2246 1516 2357 proprias
1529 2251 1586 2327 in·

221 2347 346 2458 ·jurias
358 2376 425 2433 aut
433 2355 641 2438 commoda
658 2357 986 2446 civiumlibertati
1001 2377 1043 2437 et
1060 2352 1172 2438 saluti
1185 2354 1440 2440 condonavit.
1471 2360 1584 2444 Hinc

227 2461 366 2575 fignati
381 2466 521 2551 codem
534 2499 637 2554 anno
650 2471 827 2552 nummi:
971 2515 975 2523 ·
1569 2511 1572 2516 ·

205 2659 206 2662 γ
288 2581 397 2661 ΙΜΡ.
435 2585 643 2674 CAESAR
673 2585 789 2674 DIVI
815 2585 863 2673 F.
889 2582 1003 2676 008.
1027 2581 1098 2669 vl.
1129 2579 1439 2673 ustERTATrS
1464 2585 1507 2667 Ρ.
1532 2591 1583 2674 R.

218 2694 460 2782 sleuEx.
514 2701 551 2799 )(
571 2699 690 2790 PAX.
727 2701 818 2785 Dea
845 2698 987 2784 stolata
1011 2721 1141 2794 stans,
1165 2693 1304 2783 dextri
1335 2697 1582 2800 caduceum,

223 2801 338 2886 laeva
351 2818 613 2923 cornucopiae
623 2836 744 2900 tenet.
787 2816 941 2898 Aureus
954 2837 1013 2896 est
1025 2813 1127 2924 apud
1140 2815 1357 2896 Oeconem.
1550 2841 1554 2852 ¹

305 2919 514 3008 CAESAR
559 2927 688 3013 =COS.
730 2929 804 3006 vl.
845 2929 1049 3013 ClVlBVS
1090 2924 1390 3012 SERVATElS.
1438 2929 1582 3042 Capite

226 3029 373 3127 nudo,
402 3031 671 3123 srnistrorsltm.
717 3037 1006 3129 AVGVSTVS
1043 3037 1079 3118 S.
1111 3038 1162 3120 C.
1199 3035 1344 3150 Aquila
1369 3045 1581 3140 Romana.

227 3150 408 3258 expansis
423 3148 493 3233 alis
512 3211 524 3247 ,
544 3149 835 3251 sinistrorsum,
854 3175 990 3236 »rostro
1006 3149 1253 3236 dextrorsum
1268 3179 1490 3252 converso,
1518 3186 1583 3239 co-

225 3287 367 3343 ronam
393 3291 604 3376 querceam
636 3266 832 3382 unguibus
849 3272 975 3380 gerit,
1005 3266 1099 3348 hinc
1128 3291 1170 3350 et
1195 3265 1579 3362 indelaurusarbor.

227 3373 419 3462 Memoris
448 3383 570 3462 animi
586 3377 648 3462 sui
670 3405 970 3463 monumentum
992 3409 1110 3490 ..quo
1133 3386 1367 3475 victoriam,
1395 3407 1437 3468 et
1458 3388 1499 3466 in
1523 3415 1581 3469 re·

225 3481 348 3572 belles
359 3490 672 3576 moderationem
687 3490 736 3577 ab
750 3494 866 3577 Actio
883 3493 1067 3606 Apolline
1078 3516 1278 3607 acceptam
1294 3493 1440 3577 referre
1456 3493 1494 3578 se
1506 3521 1580 3582 tes-
1731 3519 1741 3536 '

224 3623 331 3686 tatur
348 3606 505 3691 Caesar.
555 3607 710 3691 Aureus
725 3607 969 3722 perpulcher
990 3629 1049 3691 est
1065 3605 1139 3689 rhic
1166 3636 1352 3694 nummus
1371 3637 1396 3691 e
1419 3609 1579 3717 cimelio

221 3716 289 3808 lll.
310 3721 370 3806 D.
389 3719 569 3805 Lebretii.
612 3720 810 3806 ¹Mendosd
826 3721 1205 3837 apudearduinum
1219 3725 1375 3837 legitur
1395 3752 1471 3811 cos.
1495 3729 1578 3814 Vll.

228 3834 270 3919 in
290 3832 401 3916 fimili
417 3835 841 3920 nummo-Colbertino.
879 3849 933 3924 Ex
947 3835 1027 3919 hoc
1040 3859 1173 3920 autern
1189 3834 1422 3950 praecipue,
1442 3836 1579 3922 etsub·
1751 3857 1755 3866 ’

227 3949 481 4058 sequentibus
497 3954 668 4034 nummis
682 3953 890 4043 advertas,
915 3949 1033 4034 velirn
1051 4009 1061 4045 ,
1083 3951 1293 4040 Caesarem
1307 3979 1357 4031 eo
1370 3977 1480 4034 ,anno
1496 3954 1577 4044 Au-

228 4085 387 4171 gustum
403 4064 483 4150 dici
494 4065 638 4178 cepisse
660 4124 670 4161 ,
693 4093 774 4146 non
789 4061 884 4154 veru
902 4063 1093 4176 sequenti.
1521 4131 1524 4140 .

286 4177 490 4267 CAESAR
529 4182 751 4264 AVGVST
753 4182 831 4264 VS.
882 4181 1075 4284 Laureato
1102 4179 1249 4290 capite.¹
1296 4181 1332 4275 l(
1363 4177 1573 4269 ARMEN.
1644 4219 1646 4224 ·

226 4291 408 4380 RECEP.
445 4296 656 4384 CAESAR
681 4295 804 4377 2-DlVl
825 4297 874 4380 F.
903 4295 1012 4380 IMP.
1033 4292 1119 4376 Vll.
1153 4295 1340 4376 Armenia
1364 4317 1574 4383 stanscum

227 4405 341 4492 hasta
368 4431 409 4491 et
430 4413 718 4524 cornucopiaesr
745 4409 899 4493 virtutis
918 4433 958 4493 et
983 4405 1194 4490 fertilitatis
1207 4409 1464 4492 Armeniacae
1476 4409 1575 4524 sym.

225 4517 347 4620 bola,
373 4551 543 4636 quorum
566 4549 777 4634 utrumque
794 4527 836 4604 in
856 4521 1110 4634 expeditione
1127 4525 1368 4636 Aegyptiace
1392 4547 1578 4638 expertus

227 4638 383 4741 ridetur
400 4639 555 4736 Caesar.
598 4637 717 4758 Apud
731 4638 956 4730 Oeconem.
986 4660 1206 4750 argenteus.
