4212 5496
514 359 615 457 un
686 359 1292 458 msroruonrs.
1526 365 1645 483 85·

206 507 358 634 ceptae
376 519 399 574 a
414 487 542 578 Rhea
563 495 722 612 puerilis
750 497 1009 580 institutionis
1036 492 1237 584 Bacchum
1264 519 1346 574 non
1371 494 1589 604 poenituit.

205 603 288 696 dila
305 606 492 721 magistri
506 607 556 694 ed
575 638 831 725 pervenerat,
862 635 905 693 ut
924 612 1086 722 peritior
1102 605 1201 690 alter
1215 603 1346 689 nullus
1359 605 1586 709 haberetur,

199 724 286 834 :qui
296 717 475 808 solertius
491 717 625 811 leones
641 727 691 810 ad
709 757 865 810 currum
878 725 1089 838 jungeret,
1116 752 1234 806 cursu
1253 747 1438 834 caperet,
1467 721 1586 836 sagit·
1618 737 1621 742 ’
1678 827 1681 836 ¹

212 841 268 916 tis
286 839 496 923 conticeret
511 845 525 945 l
538 871 564 919 a
579 849 611 949 ].
664 851 692 926 E
708 868 878 955 quatuor
895 837 1006 954 supra
1025 841 1168 950 viginti
1190 835 1370 920 leonibus
1387 837 1587 926 Philadel-

213 949 334 1064 phica
354 961 396 1037 in
415 986 560 1070 pompa
578 955 808 1071 productis,
837 958 1047 1044 discimus,
1077 950 1237 1036 Eaccho
1253 951 1428 1036 dicatum
1451 955 1492 1036 id
1511 982 1585 1067 ge-

174 1162 179 1170 l
205 1067 291 1148 ¹nus
305 1071 451 1154 animal
469 1130 480 1166 ,
499 1073 609 1184 cujus
625 1069 795 1156 formam
814 1068 963 1186 saepius
976 1076 1057 1182 ipse
1070 1071 1286 1150 ementitus
1301 1067 1433 1174 fuerat
1453 1127 1465 1162 ,
1483 1069 1582 1154 dum

200 1209 239 1270 ,α
257 1185 390 1292 piratis
407 1209 543 1298 captus
564 1247 575 1284 ,
601 1191 642 1269 iu
675 1195 766 1270 navi
786 1185 955 1270 vinculis
986 1183 1131 1267 frustra
1151 1186 1393 1278 vinciretur,
1417 1207 1486 1267 aut
1513 1182 1582 1266 ubi

203 1325 355 1382 :manus
378 1330 469 1382 cum
500 1301 677 1387 Deriade
703 1297 955 1392 consereret,
998 1323 1082 1382 aut'
1101 1303 1142 1380 in
1160 1297 1360 1409 vGigantes
1384 1327 1456 1410 pro
1484 1299 1586 1386 Jove

215 1439 427 1525 pugnaret.
477 1422 525 1502 ln
546 1424 831 1508 Catanensium
851 1445 1014 1498 nummo
1032 1411 1137 1528 apud
1156 1415 1372 1508 Parmam,
1403 1413 1581 1503 Bacchus

204 1555 242 1608 .e
255 1527 444 1612 cantharo
457 1537 595 1614 vinum
614 1531 790 1616 infundit
805 1537 846 1614 in
862 1559 905 1612 os
923 1533 1060 1612 leonis.
1110 1531 1156 1609 In
1172 1523 1256 1608 aliis
1276 1529 1584 1626 Leontinorum,

208 1641 497 1728 ⁴Sardianorum
526 1655 603 1730 &e
623 1647 720 1728 hinc
746 1671 863 1761 caput
888 1643 1064 1739 Bacchi,
1099 1641 1193 1726 inde
1209 1640 1350 1724 leonis.
1405 1642 1518 1727 Alter
1535 1641 1585 1727 ab

214 1757 433 1844 Harduino
452 1785 693 1853 memoratur
720 1764 1005 1850 Nicaeensium
1026 1759 1185 1844 leonem
1202 1785 1295 1840 cum
1310 1757 1501 1843 cantharo
1515 1787 1613 1868 err-3!
1642 1829 1646 1840 .

206 1899 405 1984 xpruriens.
461 1965 464 1972 ,

265 2099 569 2214 CaputBacchi
587 2101 839 2199 diademate,
860 2127 901 2187 ct
919 2100 1301 2190 corond‘hederacerl
1318 2108 1520 2197 cinctum,
1541 2100 1585 2183 sr-

208 2217 398 2298 mistrors.
444 2219 481 2310 l(
497 2240 697 2306 ΑΜΙΣΟΥ.
729 2223 840 2303 Cisra
867 2214 997 2330 spoliis
1014 2219 1181 2304 leoninis
1199 2244 1338 2336 operta
1358 2277 1369 2313 ‚
1386 2225 1452 2302 cui
1472 2215 1584 2332 thyr-

201 2381 210 2404 .,
218 2357 283 2410 sus
298 2329 505 2420 incumbit,
555 2335 611 2414 Ex
642 2363 733 2420 aere
763 2339 933 2418 minimo
948 2334 1052 2453 apud
1069 2335 1278 2421 Goltzium
1294 2332 1499 2418 in‘Graec·
1516 2339 1583 2416 in-

222 2441 295 2526 sul.
313 2469 356 2529 et
371 2448 427 2532 D.
448 2449 738 2532 Croichetium.
1273 2477 1275 2482 '

283 2561 467 2644 Fueritne
492 2569 534 2648 in
550 2569 863 2678 usupositumut
880 2563 1044 2677 mystica
1056 2563 1280 2678 Orgiorum
1298 2565 1395 2648 cista
1413 2562 1584 2647 leoninis

213 2675 447 2759 amiciretur
459 2683 636 2771 exuviis,
665 2679 833 2762 dubium
848 2705 928 2761 non
947 2677 1176 2794 relinquunt
1195 2678 1375 2884 plcrigue
1393 2683 1579 2777 nummi,

216 2789 258 2876 iu
274 2787 416 2897 quibus
431 2790 553 2878 ,lacui
580 2823 699 2880 manu
726 2795 895 2880 leoninis
924 2789 1054 2908 spoliis
1081 2793 1222 2878 onusti
1240 2825 1288 2909 pa
1325 2800 1378 2878 im
1401 2794 1579 2882 Bacchus

117 2947 119 2952 ·
223 2907 407 2984 occurrit.

295 3035 624 3106 ΑΛΕΞΑΝΔΡΟΥ.
667 3026 813 3132 Capite
841 3017 1071 3104 diademato
1091 3020 1306 3106 Alexandri
1330 3024 1505 3136 Magni,
1533 3021 1583 3106 sr-

210 3129 450 3226 -nistrorsfbm
470 3163 676 3222 converso.
713 3143 745 3234 l(
764 3143 988 3225 tonsori
1032 3157 1415 3225 Mntfiuouuu·
1447 3159 1478 3222 u
1498 3157 1583 3224 un.

217 3245 437 3360 intergens
454 3255 627 3362 anguise
641 3255 752 3338 cista.
802 3254 858 3335 Ex
879 3283 969 3338 aere
994 3255 1187 3338 mediocri
1201 3283 1391 3338 nummus
1407 3251 1475 3336 sub
1492 3258 1583 3338 Ser.

218 3359 449 3446 Alexandro
480 3368 578 3479 imp.
604 3365 806 3478 figuntur,
838 3369 941 3480 apud
965 3368 1170 3453 Goltzium
1197 3367 1299 3455 Tab.
1330 3373 1517 3461 XXXIV.
1539 3392 1582 3453 et

225 3475 388 3563 Pedrus.
419 3482 539 3562 Tom.
564 3487 670 3572 Vlll.
700 3479 803 3567 Tab.
827 3485 1114 3584 Xr.n⁰.11n.
1159 3489 1202 3566 In
1227 3483 1306 3568 alio
1336 3483 1449 3566 finili
1475 3483 1580 3600 apud
1694 3531 1697 3537 ·

224 3590 442 3676 Patinum:
474 3615 661 3686 nomon
686 3619 987 3686 mascaronem
1024 3619 1100 3684 mc
1130 3618 1331 3686 unuror.

281 3707 346 3788 Ad
363 3707 435 3794 hos
448 3740 631 3798 nummos
649 3711 735 3797 Alb.
753 3716 956 3800 Rubenius
976 3711 1048 3820 [b]
1073 3752 1081 3796 :
1110 3719 1240 3796 cistam
1262 3718 1450 3820 mysticam
1478 3743 1579 3794 nunr-

210 3821 293 3898 .mis
300 3814 377 3929 suis
395 3828 646 3940 inscripserunt
661 3830 873 3910 Macedones
894 3892 904 3927 ‚
923 3836 1010 3942 quia
1029 3849 1065 3908 et
1075 3833 1144 3938 ipsi
1158 3834 1277 3941 Orgia
1293 3827 1390 3939 apud
1393 3826 1436 3935 se
1450 3834 1579 3908 inven-

223 3949 268 4010 ta
282 3935 551 4045 gloriabantur.
595 3947 782 4030 Gratisnc
804 4007 815 4043 ,
839 3978 889 4030 an
917 3943 1168 4061 probabiliter
1183 3940 1342 4028 tannim
1367 3946 1410 4024 id
1438 3943 1577 4028 assera-

188 4155 190 4160 ,
224 4071 323 4146 tur,
356 4055 534 4164 profecti)
561 4089 640 4142 non
670 4060 805 4174 liquet.
843 4069 942 4141 Hinc
960 4083 997 4138 et
1021 4055 1234 4167 Baſsaridas
1242 4056 1411 4165 fiminae
1439 4056 1577 4138 Bacchi

224 4169 364 4244 comites
372 4174 551 4275 peculiari
552 4173 762 4284 figm'ficatu
779 4199 958 4256 vocantur
969 4181 1126 4264 Μακέται
1145 4235 1156 4270 ,
1182 4193 1223 4254 ut
1232 4193 1369 4250 constat
1384 4202 1432 4250 ex
1449 4194 1574 4262 easta.

225 4273 313 4361 thio.
330 4367 333 4374 ,
359 4283 420 4371 Sic
434 4288 511 4374 illc.
555 4285 685 4374 Fuerit
700 4291 798 4374 illud
814 4292 976 4403 hujusce
994 4293 1165 4404 regionis
1180 4286 1397 4373 incolarum
1417 4350 1428 4386 ,
1455 4316 1576 4406 atque

223 4392 508 4488 bacchantium
523 4433 694 4504 nomen,
717 4407 947 4502 mimorum
977 4405 1045 4492 sed
1064 4407 1274 4520 Europaeis
1290 4405 1577 4497 Macedonibus

296 4663 365 4741 [c]
377 4667 497 4731 Noricus
516 4664 577 4728 Lib.
590 4669 637 4728 IX.
734 4664 793 4744 (b)
817 4669 859 4728 De
871 4689 978 4734 numm.
989 4673 1056 4732 Asia
1064 4681 1174 4752 recepta.

228 4841 364 5045 “s

1251 4753 1294 4846 Y
1398 4753 1401 4758 ,
