4218 5484
546 421 646 520 nn
699 401 1282 522 crsrorrrour'sf
1458 437 1461 444 ·
1524 452 1580 538 ι,

228 551 334 634 tioni
345 551 538 667 turpicula
559 585 631 647 res.
675 557 787 666 Quid
811 561 916 640 enim
936 559 1080 641 mirum
1094 549 1317 641 commissas
1331 549 1447 638 fuisse
1462 582 1582 638 rrum·

228 671 308 748 mis
330 667 614 754 obscoenitates
626 670 676 756 ab
693 671 796 767 iliis,
820 701 921 785 quos
946 670 1090 756 divinis
1105 666 1321 752 honoribus
1345 697 1411 754 eas
1425 666 1581 752 afficere

121 887 126 898 Ι
228 807 316 862 non
337 781 509 894 pudebat
527 813 636 879 ‚non
664 783 821 870 tantitm
844 784 1127 871 verecundiore
1155 780 1330 879 secreto,
1357 809 1401 866 ut
1428 787 1484 865 ait
1503 783 1583 866 Au-

191 957 193 960 -
230 898 443 1006 gostinus(
451 910 527 1001 a),
562 893 627 982 sed
644 904 685 982 in
712 899 917 1014 propatulo
930 897 1134 984 exultante
1147 895 1335 1012 nequitis.
1382 898 1583 1012 anrgiis
1652 987 1655 998 ,

232 1009 391 1094 Baccho
401 995 478 1094 soh
493 1019 757 1126 generationis
771 1019 873 1129 patri
892 1011 1133 1127 ithyphalios
1152 1009 1374 1123 subrigebat
1387 1017 1553 1096 Graecia
1569 1069 1581 1107 ,

228 1148 275 1206 et
298 1123 508 1211 simulacris
534 1126 707 1210 virilium
734 1126 976 1212 fascinorum
1002 1129 1199 1210 teititoria
1229 1147 1369 1208 cuncta
1401 1122 1585 1210 floresce-

234 1235 334 1322 bant
350 1232 438 1336 (ὂ).
482 1243 750 1354 Aegyptiacae
766 1239 951 1326 mulieres
970 1299 983 1336 ,
1007 1245 1133 1354 posito
1149 1236 1298 1325 scilicet
1324 1243 1436 1322 omni
1457 1238 1585 1352 pudo·

235 1382 307 1442 re,
335 1350 556 1466 phallorum
568 1377 680 1438 erant
693 1360 918 1470 gestatrices
931 1358 974 1436 in
989 1351 1209 1441 Pammeliis
1228 1356 1313 1451 (c).
1356 1363 1402 1444 ln
1414 1351 1584 1437 Graecia

227 1488 275 1552 et
292 1472 384 1553 Asia
433 1463 684 1581 hallophoros
702 1469 856 1554 inducit
882 1465 1111 1563 Athenaeus
1133 1461 1221 1555 Lib.
1236 1469 1343 1551 xlv.
1400 1467 1584 1551 Hedera-

233 1609 349 1664 ccum
374 1495 449 1664 iliis
479 1585 800 1695 integumentum
826 1579 1057 1696 eserpilio,
1088 1578 1258 1665 acantho
1293 1575 1582 1694 superinjecto-5

235 1693 348 1778 violis
361 1717 401 1779 et
415 1691 563 1778 hederi
582 1701 786 1793 coronati,
815 1695 1007 1808 laeuaque
1021 1697 1158 1782 amicti
1181 1693 1460 1806 procedebant.
1502 1700 1587 1780 Ne·

233 1805 346 1894 fandi
373 1807 535 1918 hujusce
567 1807 666 1895 titiis
686 1834 799 1897 autor
811 1809 956 1896 dicitur
972 1806 1158 1899 Bacchus.
1211 1806 1405 1890 Semeiem
1421 1833 1587 1894 matrem

235 1923 450 2014 reducendi
466 1951 515 2005 ex
526 1921 695 2018 Inferis,
721 1949 789 2006 aut
802 1927 899 2037 quid
919 1927 975 2006 rei
992 1927 1033 2006 in
1047 1925 1247 2018 Tartareis
1258 1916 1411 2004 sedibus
1426 1950 1589 2036 perage·

236 2060 347 2120 retur
363 2035 551 2120 noscendi
569 2038 782 2152 cupiditate
800 2038 958 2135 illecto,
987 2035 1223 2121 Acherusius
1248 2033 1375 2120 aditus
1395 2036 1589 2120 indicatu-

237 2179 326 2234 rum
340 2147 377 2235 se
391 2149 597 2265 pollicetur
614 2161 846 2266 Prosymnus'
859 2154 1047 2264 quidam,
1067 2147 1269 2264 quemalii
1282 2147 1587 2263 Hypolinnium,

238 2264 515 2379 Hypelipnurn
540 2265 605 2348 alii
628 2290 784 2351 vocant.
837 2265 996 2378 Quibits
1011 2270 1084 2349 iste
1097 2262 1279 2352 nefandis
1292 2263 1585 2354 conditionibus

234 2381 413 2469 steterit,
441 2377 599 2490 pudoris
627 2380 789 2464 interest
807 2378 1019 2493 legendum
1037 2377 1226 2464 exhibere
1244 2435 1256 2470 ,
1276 2374 1369 2458 cum
1394 2377 1498 2488 apud
1521 2409 1588 2460 au·
1656 2379 1658 2384 ’

234 2515 343 2574 tores
354 2488 457 2573 bene
471 2490 616 2573 multos
631 2499 687 2577 rei
707 2494 913 2608 turpitudo
933 2515 1177 2604 totaquanta
1191 2511 1251 2583 est
1264 2488 1498 2604 depingatur
1518 2489 1589 2598 (d).

238 2605 346 2698 Alias
363 2603 429 2695 alii
443 2603 806 2722 phallophoriarum
830 2607 1003 2722 origines
1014 2606 1166 2708 dabunt
1182 2617 1202 2716 (
1249 2615 1283 2708 ).

315 2832 479 2947 Aliquot
503 2842 546 2919 in
575 2835 823 2950 Cistophoris
842 2837 965 2949 thyrsi
980 2837 1085 2919 vices
1105 2839 1209 2950 gerit
1224 2833 1370 2932 taeda,
1392 2827 1499 2922 foliis
1514 2834 1587 2922 be·
1607 2871 1690 2946 7⁸&
1700 2871 1791 2937 raeda,

241 2945 360 3030 derae
379 3005 390 3043 ‚
409 2972 477 3031 aut
498 2953 619 3031 etiarn
632 2949 787 3033 sinuoso
804 2955 947 3035 vestita
967 2946 1157 3062 serpente,
1208 2949 1269 3032 Ut
1294 2978 1318 3032 a
1343 2955 1549 3034 nocturnis
1576 2981 1603 3051 ,⁴

240 3059 315 3144 suis
344 3055 456 3144 sacris
472 3061 647 3149 Bacchus
666 3071 967 3177 cognominatus
994 3085 1053 3146 est
1076 3061 1326 3172 Nyctileius,
1351 3067 1590 3150 itaetatae·
1716 3131 1719 3138 -

244 3175 304 3258 dis
331 3179 588 3294 Lampterius.
640 3177 777 3261 Cereri
805 3180 1056 3294 Prosepinam
1085 3175 1205 3259 filiam
1241 3173 1391 3262 facibus
1414 3186 1587 3264 accensis

243 3293 451 3404 quaerenti
477 3317 610 3374 comes
629 3286 806 3382 affuerat
844 3294 967 3404 Quod
993 3286 1098 3372 forte
1122 3315 1167 3372 ut
1184 3293 1432 3376 imitarentur
1460 3293 1588 3378 Pelle-

242 3429 382 3486 nenses
401 3460 411 3497 ,
434 3401 631 3518 dispositis
645 3434 715 3520 per
733 3405 872 3490 urbem
889 3411 971 3488 vini
986 3401 1200 3489 crateribus
1216 3463 1227 3501 ‚
1244 3404 1383 3489 'Liberi
1398 3405 1589 3520 templum

245 3541 365 3600 noctu
383 3514 544 3604 adibant
563 3520 684 3632 ipsius
697 3548 844 3602 numen
858 3520 1006 3604 medias
1024 3523 1127 3601 inter
1137 3515 1315 3600 ardentes
1329 3521 1463 3602 taedas
1504 3551 1591 3604 uae-

245 3634 359 3715 situri
379 3627 466 3737 (fi.
509 3626 699 3730 Athenis,
720 3633 771 3715 ad
787 3638 972 3728 Cereris,
993 3628 1194 3714 colebatur
1212 3629 1364 3744 sgnum
1374 3639 1474 3717 Bacc
1509 3633 1590 3718 'fa-

244 3773 333 3830 cem
352 3752 539 3855 gostantis
555 3759 567 3848 (
577 3776 606 3858 g
613 3763 632 3854 )
677 3751 795 3833 Faces
810 3746 901 3830 iliae
916 3751 957 3829 in
975 3741 1042 3828 usu
1057 3747 1099 3826 N
1103 3742 1349 3857 yctilciorum
1360 3749 1590 3864 Orgiorum.

245 3855 817 3978 dequibusVirgiliusMarO,
841 3861 1082 3975 Georg.1V3
1415 3855 1417 3860 ’
1506 3865 1510 3872 ’

252 4000 257 4006 ·
308 3996 317 4012 ·
360 3975 461 4050 Inter
464 3970 578 4081 sacra
596 3974 743 4072 Derim,
778 3996 1013 4088 nocturnaque
1028 3978 1146 4086 Orgia
1160 3969 1310 4056 harchi-

29 4097 31 4122 ι
154 4116 161 4128 ’
247 4133 363 4214 Sacra
382 4107 809 4223 nimirumthujusmodi
830 4169 841 4204 ‚
861 4113 907 4192 in
928 4108 1025 4220 lueis
1043 4132 1087 4189 ut
1101 4103 1317 4221 plurimhm
1337 4089 1589 4218 ,'specubrrs',

246 4267 289 4346 et
304 4231 561 4324 subterraneis
575 4227 671 4316 locis
683 4221 982 4340 peragebantur.
1027 4227 1132 4334 Reg.
1149 4222 1209 4304 111.
1229 4218 1296 4303 ubi
1311 4220 1450 4305 densa
1470 4247 1590 4333 rege:

339 4461 413 4539 ia)
436 4465 481 4521 De
497 4455 732 4521 civir.Lib.v11.
753 4457 898 4533 eap.xxr.'
967 4445 1030 4528 (b)
1061 4447 1283 4510 Arnob.i.ib.V.
1366 4447 1429 4520 (c)
1453 4445 1591 4507 Herodot.

247 4545 311 4606 Lib.
336 4545 384 4602 11.
415 4559 473 4684 cap.
495 4557 610 4600 xtvtrr.
713 4532 776 4606 sd)
795 4529 914 4592 Diodor.
936 4527 1018 4588 Sicui.
1042 4527 1171 4587 Clemens
1192 4529 1271 4588 Alex.
1295 4520 1462 4586 Theodora
1487 4525 1590 4582 Arnob.

250 4621 369 4774 Pgin.d
434 4637 487 4761 L'b
486 4632 496 4697 )
506 4613 611 4762 1schol.
625 4609 767 4694 Aristoph.
787 4607 913 4690 Orpbeus
922 4609 953 4667 iu
974 4604 1040 4676 hist.
1054 4607 1197 4671 cerem·
1250 4603 1261 4674 ί
1271 4601 1309 4682 f)
1331 4603 1594 4702 PiUSfflssileh

243 4763 245 4768 .
273 4723 293 4782 g
339 4710 424 4766 [tm.
458 4717 495 4760 ι.
523 4736 535 4761 .
