<?xml version="1.0" encoding="UTF-8"?>
<!DOCTYPE html PUBLIC "-//W3C//DTD XHTML 1.0 Transitional//EN"
    "http://www.w3.org/TR/xhtml1/DTD/xhtml1-transitional.dtd">
<html xmlns="http://www.w3.org/1999/xhtml" xml:lang="en" lang="en">
 <head>
  <title>
</title>
<meta http-equiv="Content-Type" content="text/html;charset=utf-8" />
  <meta name='ocr-system' content='tesseract 3.04.00' />
  <meta name='ocr-capabilities' content='ocr_page ocr_carea ocr_par ocr_line ocrx_word'/>
</head>
<body>
  <div class='ocr_page' id='page_1' title='image "alexandrixavier00panegoog_0024.png"; bbox 0 0 1054 1371; ppageno 0'>
   <div class='ocr_carea' id='block_1_1' title="bbox 256 103 781 133">
    <p class='ocr_par' dir='ltr' id='par_1_1' title="bbox 256 103 781 133">
     <span class='ocr_line' id='line_1_1' title="bbox 256 103 781 133; baseline 0.002 -6"><span class='ocrx_word' id='word_1_1' title='bbox 256 104 306 127; x_wconf 86' lang='lat' dir='ltr'>DE</span> <span class='ocrx_word' id='word_1_2' title='bbox 341 103 631 128; x_wconf 86' lang='lat' dir='ltr'>CISTOPHORIS.</span> <span class='ocrx_word' id='word_1_3' title='bbox 755 112 781 133; x_wconf 91' lang='lat'>17</span> 
     </span>
    </p>
   </div>
   <div class='ocr_carea' id='block_1_2' title="bbox 103 135 788 567">
    <p class='ocr_par' dir='ltr' id='par_1_2' title="bbox 103 135 788 567">
     <span class='ocr_line' id='line_1_2' title="bbox 103 135 781 165; baseline 0.001 -9"><span class='ocrx_word' id='word_1_4' title='bbox 103 135 224 157; x_wconf 73' lang='lat' dir='ltr'>adorandam</span> <span class='ocrx_word' id='word_1_5' title='bbox 235 138 260 161; x_wconf 72' lang='lat' dir='ltr'>(a</span> <span class='ocrx_word' id='word_1_6' title='bbox 270 140 284 162; x_wconf 88' lang='lat'>).</span> <span class='ocrx_word' id='word_1_7' title='bbox 306 136 334 157; x_wconf 85' lang='lat' dir='ltr'>Ex</span> <span class='ocrx_word' id='word_1_8' title='bbox 350 136 388 157; x_wconf 86' lang='lat' dir='ltr'>alia</span> <span class='ocrx_word' id='word_1_9' title='bbox 398 142 454 165; x_wconf 84' lang='lat' dir='ltr'>parte</span> <span class='ocrx_word' id='word_1_10' title='bbox 464 151 470 160; x_wconf 83' lang='lat'>‚</span> <span class='ocrx_word' id='word_1_11' title='bbox 484 138 572 165; x_wconf 82' lang='lat' dir='ltr'>virgines</span> <span class='ocrx_word' id='word_1_12' title='bbox 583 137 677 158; x_wconf 78' lang='lat' dir='ltr'>cistarum</span> <span class='ocrx_word' id='word_1_13' title='bbox 689 138 781 165; x_wconf 82' lang='lat' dir='ltr'>gestatri-</span> 
     </span>
     <span class='ocr_line' id='line_1_3' title="bbox 103 165 781 194; baseline 0.001 -9"><span class='ocrx_word' id='word_1_14' title='bbox 103 172 136 186; x_wconf 80' lang='lat' dir='ltr'>ces</span> <span class='ocrx_word' id='word_1_15' title='bbox 145 165 259 193; x_wconf 83' lang='lat' dir='ltr'>frequenter</span> <span class='ocrx_word' id='word_1_16' title='bbox 268 165 352 186; x_wconf 83' lang='lat' dir='ltr'>audiunt</span> <span class='ocrx_word' id='word_1_17' title='bbox 360 166 411 193; x_wconf 81' lang='lat' dir='ltr'>apud</span> <span class='ocrx_word' id='word_1_18' title='bbox 419 165 571 194; x_wconf 82' lang='lat' dir='ltr'>Aristophanem</span> <span class='ocrx_word' id='word_1_19' title='bbox 579 180 585 190; x_wconf 89' lang='lat'>,</span> <span class='ocrx_word' id='word_1_20' title='bbox 596 172 617 186; x_wconf 84' lang='lat' dir='ltr'>et</span> <span class='ocrx_word' id='word_1_21' title='bbox 624 165 667 193; x_wconf 87' lang='lat' dir='ltr'>ejus</span> <span class='ocrx_word' id='word_1_22' title='bbox 676 167 781 187; x_wconf 82' lang='lat' dir='ltr'>Enarrato-</span> 
     </span>
     <span class='ocr_line' id='line_1_4' title="bbox 104 192 782 222; baseline 0 -8"><span class='ocrx_word' id='word_1_23' title='bbox 104 200 146 214; x_wconf 84' lang='lat' dir='ltr'>rem</span> <span class='ocrx_word' id='word_1_24' title='bbox 157 193 167 217; x_wconf 92' lang='lat'><em>(</em></span> <span class='ocrx_word' id='word_1_25' title='bbox 172 193 205 220; x_wconf 86' lang='lat' dir='ltr'>b).</span> <span class='ocrx_word' id='word_1_26' title='bbox 227 194 281 215; x_wconf 84' lang='lat' dir='ltr'>Pacis</span> <span class='ocrx_word' id='word_1_27' title='bbox 288 194 439 222; x_wconf 81' lang='lat' dir='ltr'>componendae</span> <span class='ocrx_word' id='word_1_28' title='bbox 451 192 509 214; x_wconf 52' lang='lat' dir='ltr'>causa*⁴</span> <span class='ocrx_word' id='word_1_29' title='bbox 521 209 527 218; x_wconf 92' lang='lat'>,</span> <span class='ocrx_word' id='word_1_30' title='bbox 542 194 672 215; x_wconf 77' lang='lat' dir='ltr'>caduceatore</span> <span class='ocrx_word' id='word_1_31' title='bbox 688 201 737 222; x_wconf 83' lang='lat' dir='ltr'>opus</span> <span class='ocrx_word' id='word_1_32' title='bbox 753 201 782 215; x_wconf 86' lang='lat' dir='ltr'>est</span> 
     </span>
     <span class='ocr_line' id='line_1_5' title="bbox 104 222 784 252; baseline 0.001 -10"><span class='ocrx_word' id='word_1_33' title='bbox 104 222 210 243; x_wconf 74' lang='lat' dir='ltr'>Athenaeo</span> <span class='ocrx_word' id='word_1_34' title='bbox 218 237 223 244; x_wconf 85' lang='lat'><em>,</em></span> <span class='ocrx_word' id='word_1_35' title='bbox 234 224 269 251; x_wconf 87' lang='lat' dir='ltr'>qui</span> <span class='ocrx_word' id='word_1_36' title='bbox 281 223 303 243; x_wconf 90' lang='lat' dir='ltr'>in</span> <span class='ocrx_word' id='word_1_37' title='bbox 311 222 547 250; x_wconf 59' lang='lat' dir='ltr'>Dionysiacaj‘tolemaei</span> <span class='ocrx_word' id='word_1_38' title='bbox 555 230 627 252; x_wconf 80' lang='lat' dir='ltr'>pompa</span> <span class='ocrx_word' id='word_1_39' title='bbox 637 238 643 247; x_wconf 89' lang='lat'>,</span> <span class='ocrx_word' id='word_1_40' title='bbox 651 224 703 243; x_wconf 87' lang='lat' dir='ltr'>viros</span> <span class='ocrx_word' id='word_1_41' title='bbox 713 229 734 243; x_wconf 88' lang='lat' dir='ltr'>et</span> <span class='ocrx_word' id='word_1_42' title='bbox 742 230 784 243; x_wconf 63' lang='lat' dir='ltr'>mu&lt;</span> 
     </span>
     <span class='ocr_line' id='line_1_6' title="bbox 105 250 784 273; baseline 0.001 -2"><span class='ocrx_word' id='word_1_43' title='bbox 105 250 162 271; x_wconf 81' lang='lat' dir='ltr'>lieres</span> <span class='ocrx_word' id='word_1_44' title='bbox 172 250 270 272; x_wconf 72' lang='lat' dir='ltr'>iacturum</span> <span class='ocrx_word' id='word_1_45' title='bbox 283 258 354 273; x_wconf 76' lang='lat' dir='ltr'>arcana</span> <span class='ocrx_word' id='word_1_46' title='bbox 367 251 423 272; x_wconf 86' lang='lat' dir='ltr'>fimul</span> <span class='ocrx_word' id='word_1_47' title='bbox 430 250 523 272; x_wconf 84' lang='lat' dir='ltr'>detulisse</span> <span class='ocrx_word' id='word_1_48' title='bbox 534 251 625 272; x_wconf 84' lang='lat' dir='ltr'>affirmat.</span> <span class='ocrx_word' id='word_1_49' title='bbox 645 252 706 272; x_wconf 80' lang='lat' dir='ltr'>Extra</span> <span class='ocrx_word' id='word_1_50' title='bbox 716 257 784 272; x_wconf 83' lang='lat' dir='ltr'>tamen</span> 
     </span>
     <span class='ocr_line' id='line_1_7' title="bbox 105 279 785 308; baseline 0 -8"><span class='ocrx_word' id='word_1_51' title='bbox 105 281 170 300; x_wconf 76' lang='lat' dir='ltr'>omnis</span> <span class='ocrx_word' id='word_1_52' title='bbox 184 281 330 301; x_wconf 82' lang='lat' dir='ltr'>controversiae</span> <span class='ocrx_word' id='word_1_53' title='bbox 338 280 401 300; x_wconf 87' lang='lat' dir='ltr'>aleam</span> <span class='ocrx_word' id='word_1_54' title='bbox 409 285 439 300; x_wconf 87' lang='lat' dir='ltr'>est</span> <span class='ocrx_word' id='word_1_55' title='bbox 446 286 471 300; x_wconf 87' lang='lat' dir='ltr'>ex</span> <span class='ocrx_word' id='word_1_56' title='bbox 481 279 568 308; x_wconf 85' lang='lat' dir='ltr'>subjecto</span> <span class='ocrx_word' id='word_1_57' title='bbox 577 281 696 301; x_wconf 81' lang='lat' dir='ltr'>numismate</span> <span class='ocrx_word' id='word_1_58' title='bbox 705 295 710 304; x_wconf 87' lang='lat'><strong><em>‚</em></strong></span> <span class='ocrx_word' id='word_1_59' title='bbox 723 281 785 308; x_wconf 80' lang='lat' dir='ltr'>virgi-</span> 
     </span>
     <span class='ocr_line' id='line_1_8' title="bbox 104 308 783 337; baseline 0.001 -8"><span class='ocrx_word' id='word_1_60' title='bbox 104 315 140 329; x_wconf 83' lang='lat' dir='ltr'>nes</span> <span class='ocrx_word' id='word_1_61' title='bbox 151 309 212 329; x_wconf 77' lang='lat' dir='ltr'>cistae</span> <span class='ocrx_word' id='word_1_62' title='bbox 225 309 352 329; x_wconf 86' lang='lat' dir='ltr'>Sabaziorum</span> <span class='ocrx_word' id='word_1_63' title='bbox 364 309 440 337; x_wconf 86' lang='lat' dir='ltr'>capacis</span> <span class='ocrx_word' id='word_1_64' title='bbox 457 310 571 336; x_wconf 80' lang='lat' dir='ltr'>gestatrices</span> <span class='ocrx_word' id='word_1_65' title='bbox 585 308 644 329; x_wconf 85' lang='lat' dir='ltr'>fuisse</span> <span class='ocrx_word' id='word_1_66' title='bbox 657 310 678 329; x_wconf 87' lang='lat' dir='ltr'>in</span> <span class='ocrx_word' id='word_1_67' title='bbox 693 308 783 331; x_wconf 74' lang='lat' dir='ltr'>Sabaziis.</span> 
     </span>
     <span class='ocr_line' id='line_1_9' title="bbox 106 336 787 365; baseline 0 -7"><span class='ocrx_word' id='word_1_68' title='bbox 106 337 138 358; x_wconf 79' lang='lat' dir='ltr'>Ad</span> <span class='ocrx_word' id='word_1_69' title='bbox 145 337 166 358; x_wconf 89' lang='lat' dir='ltr'>id</span> <span class='ocrx_word' id='word_1_70' title='bbox 174 338 261 358; x_wconf 84' lang='lat' dir='ltr'>muneris</span> <span class='ocrx_word' id='word_1_71' title='bbox 268 337 383 358; x_wconf 86' lang='lat' dir='ltr'>obeundum</span> <span class='ocrx_word' id='word_1_72' title='bbox 391 345 415 358; x_wconf 86' lang='lat' dir='ltr'>ea</span> <span class='ocrx_word' id='word_1_73' title='bbox 423 336 555 365; x_wconf 81' lang='lat' dir='ltr'>deputabatur</span> <span class='ocrx_word' id='word_1_74' title='bbox 561 354 566 363; x_wconf 93' lang='lat'><strong><em>‚</em></strong></span> <span class='ocrx_word' id='word_1_75' title='bbox 572 344 624 365; x_wconf 80' lang='lat' dir='ltr'>quae</span> <span class='ocrx_word' id='word_1_76' title='bbox 631 338 713 358; x_wconf 76' lang='lat' dir='ltr'>caeteris</span> <span class='ocrx_word' id='word_1_77' title='bbox 721 344 787 365; x_wconf 80' lang='lat' dir='ltr'>praes-</span> 
     </span>
     <span class='ocr_line' id='line_1_10' title="bbox 105 365 788 394; baseline 0.001 -8"><span class='ocrx_word' id='word_1_78' title='bbox 105 371 156 387; x_wconf 82' lang='lat' dir='ltr'>taret</span> <span class='ocrx_word' id='word_1_79' title='bbox 165 373 186 387; x_wconf 85' lang='lat' dir='ltr'>et</span> <span class='ocrx_word' id='word_1_80' title='bbox 195 366 293 394; x_wconf 84' lang='lat' dir='ltr'>dignitate</span> <span class='ocrx_word' id='word_1_81' title='bbox 308 366 386 387; x_wconf 78' lang='lat' dir='ltr'>formae</span> <span class='ocrx_word' id='word_1_82' title='bbox 396 381 402 390; x_wconf 89' lang='lat'>‚</span> <span class='ocrx_word' id='word_1_83' title='bbox 415 373 436 386; x_wconf 82' lang='lat' dir='ltr'>et</span> <span class='ocrx_word' id='word_1_84' title='bbox 446 365 551 387; x_wconf 82' lang='lat' dir='ltr'>nobilitate</span> <span class='ocrx_word' id='word_1_85' title='bbox 568 367 646 394; x_wconf 85' lang='lat' dir='ltr'>generis</span> <span class='ocrx_word' id='word_1_86' title='bbox 654 367 679 389; x_wconf 86' lang='lat' dir='ltr'>(c</span> <span class='ocrx_word' id='word_1_87' title='bbox 689 369 703 391; x_wconf 93' lang='lat'>).</span> <span class='ocrx_word' id='word_1_88' title='bbox 724 366 788 388; x_wconf 82' lang='lat' dir='ltr'>Athe-</span> 
     </span>
     <span class='ocr_line' id='line_1_11' title="bbox 107 394 787 423; baseline 0 -8"><span class='ocrx_word' id='word_1_89' title='bbox 107 402 157 415; x_wconf 79' lang='lat' dir='ltr'>naeo</span> <span class='ocrx_word' id='word_1_90' title='bbox 166 394 204 421; x_wconf 84' lang='lat' dir='ltr'>(d)</span> <span class='ocrx_word' id='word_1_91' title='bbox 213 410 218 418; x_wconf 88' lang='lat'>,</span> <span class='ocrx_word' id='word_1_92' title='bbox 234 396 293 416; x_wconf 71' lang='lat' dir='ltr'>vestis</span> <span class='ocrx_word' id='word_1_93' title='bbox 299 395 399 416; x_wconf 78' lang='lat' dir='ltr'>cisriferae</span> <span class='ocrx_word' id='word_1_94' title='bbox 407 395 483 416; x_wconf 80' lang='lat' dir='ltr'>Persica</span> <span class='ocrx_word' id='word_1_95' title='bbox 491 401 533 415; x_wconf 81' lang='lat' dir='ltr'>erat</span> <span class='ocrx_word' id='word_1_96' title='bbox 542 403 547 418; x_wconf 67' lang='grc' dir='ltr'><strong><em>ς</em></strong></span> <span class='ocrx_word' id='word_1_97' title='bbox 564 394 667 423; x_wconf 80' lang='lat' dir='ltr'>Hcsychio</span> <span class='ocrx_word' id='word_1_98' title='bbox 677 409 683 418; x_wconf 93' lang='lat'><em>‚</em></span> <span class='ocrx_word' id='word_1_99' title='bbox 696 395 787 423; x_wconf 79' lang='lat' dir='ltr'>Scythica</span> 
     </span>
     <span class='ocr_line' id='line_1_12' title="bbox 106 423 786 452; baseline 0 -8"><span class='ocrx_word' id='word_1_100' title='bbox 106 423 156 444; x_wconf 78' lang='lat' dir='ltr'>stola</span> <span class='ocrx_word' id='word_1_101' title='bbox 165 439 171 448; x_wconf 89' lang='lat'><em>,</em></span> <span class='ocrx_word' id='word_1_102' title='bbox 183 431 234 452; x_wconf 81' lang='lat' dir='ltr'>quae</span> <span class='ocrx_word' id='word_1_103' title='bbox 241 424 354 445; x_wconf 80' lang='lat' dir='ltr'>Istrianides</span> <span class='ocrx_word' id='word_1_104' title='bbox 364 424 473 445; x_wconf 83' lang='lat' dir='ltr'>dicebatur.</span> <span class='ocrx_word' id='word_1_105' title='bbox 499 423 534 445; x_wconf 77' lang='lat' dir='ltr'>Illa</span> <span class='ocrx_word' id='word_1_106' title='bbox 541 423 632 452; x_wconf 75' lang='lat' dir='ltr'>gestabat</span> <span class='ocrx_word' id='word_1_107' title='bbox 643 424 713 452; x_wconf 80' lang='lat' dir='ltr'>cistam</span> <span class='ocrx_word' id='word_1_108' title='bbox 723 425 744 444; x_wconf 91' lang='lat' dir='ltr'>in</span> <span class='ocrx_word' id='word_1_109' title='bbox 753 431 786 444; x_wconf 88' lang='lat' dir='ltr'>ca-</span> 
     </span>
     <span class='ocr_line' id='line_1_13' title="bbox 106 452 787 481; baseline 0 -8"><span class='ocrx_word' id='word_1_110' title='bbox 106 453 147 480; x_wconf 82' lang='lat' dir='ltr'>pite</span> <span class='ocrx_word' id='word_1_111' title='bbox 158 467 163 476; x_wconf 88' lang='lat'>‚</span> <span class='ocrx_word' id='word_1_112' title='bbox 178 452 242 474; x_wconf 83' lang='lat' dir='ltr'>fasciis</span> <span class='ocrx_word' id='word_1_113' title='bbox 255 453 368 474; x_wconf 78' lang='lat' dir='ltr'>redimitam</span> <span class='ocrx_word' id='word_1_114' title='bbox 378 452 480 481; x_wconf 79' lang='lat' dir='ltr'>purpureis</span> <span class='ocrx_word' id='word_1_115' title='bbox 490 454 496 477; x_wconf 92' lang='lat'>(</span> <span class='ocrx_word' id='word_1_116' title='bbox 505 455 542 478; x_wconf 84' lang='lat' dir='ltr'>e),</span> <span class='ocrx_word' id='word_1_117' title='bbox 556 454 684 481; x_wconf 84' lang='lat' dir='ltr'>pretiosoque</span> <span class='ocrx_word' id='word_1_118' title='bbox 696 459 787 481; x_wconf 85' lang='lat' dir='ltr'>opertam</span> 
     </span>
     <span class='ocr_line' id='line_1_14' title="bbox 106 480 786 510; baseline 0 -9"><span class='ocrx_word' id='word_1_119' title='bbox 106 481 151 501; x_wconf 88' lang='lat' dir='ltr'>velo</span> <span class='ocrx_word' id='word_1_120' title='bbox 162 496 167 504; x_wconf 88' lang='lat'>‚</span> <span class='ocrx_word' id='word_1_121' title='bbox 181 481 235 502; x_wconf 82' lang='lat' dir='ltr'>etad</span> <span class='ocrx_word' id='word_1_122' title='bbox 242 482 302 510; x_wconf 83' lang='lat' dir='ltr'>pedes</span> <span class='ocrx_word' id='word_1_123' title='bbox 309 480 400 503; x_wconf 82' lang='lat' dir='ltr'>demisso.</span> <span class='ocrx_word' id='word_1_124' title='bbox 425 481 511 502; x_wconf 81' lang='lat' dir='ltr'>Habitus</span> <span class='ocrx_word' id='word_1_125' title='bbox 520 496 526 505; x_wconf 85' lang='lat'>,</span> <span class='ocrx_word' id='word_1_126' title='bbox 540 488 560 502; x_wconf 88' lang='lat' dir='ltr'>et</span> <span class='ocrx_word' id='word_1_127' title='bbox 567 481 631 502; x_wconf 79' lang='lat' dir='ltr'>forn-ia</span> <span class='ocrx_word' id='word_1_128' title='bbox 639 481 738 502; x_wconf 88' lang='lat' dir='ltr'>cistiferae</span> <span class='ocrx_word' id='word_1_129' title='bbox 746 482 786 501; x_wconf 84' lang='lat' dir='ltr'>vir-</span> 
     </span>
     <span class='ocr_line' id='line_1_15' title="bbox 106 509 787 538; baseline 0 -8"><span class='ocrx_word' id='word_1_130' title='bbox 106 511 158 537; x_wconf 81' lang='lat' dir='ltr'>ginis</span> <span class='ocrx_word' id='word_1_131' title='bbox 167 509 250 531; x_wconf 86' lang='lat' dir='ltr'>habetur</span> <span class='ocrx_word' id='word_1_132' title='bbox 258 512 278 531; x_wconf 88' lang='lat' dir='ltr'>in</span> <span class='ocrx_word' id='word_1_133' title='bbox 288 511 327 536; x_wconf 84' lang='lat' dir='ltr'>h9c</span> <span class='ocrx_word' id='word_1_134' title='bbox 333 510 425 538; x_wconf 79' lang='lat' dir='ltr'>singulari</span> <span class='ocrx_word' id='word_1_135' title='bbox 434 525 440 534; x_wconf 87' lang='lat'>,</span> <span class='ocrx_word' id='word_1_136' title='bbox 454 510 578 531; x_wconf 76' lang='lat' dir='ltr'>et-rarissimo</span> <span class='ocrx_word' id='word_1_137' title='bbox 588 510 738 531; x_wconf 82' lang='lat' dir='ltr'>Trallianorum</span> <span class='ocrx_word' id='word_1_138' title='bbox 745 510 787 531; x_wconf 54' lang='lat' dir='ltr'>Cis&lt;</span> 
     </span>
     <span class='ocr_line' id='line_1_16' title="bbox 108 538 787 567; baseline 0 -8"><span class='ocrx_word' id='word_1_139' title='bbox 108 538 194 566; x_wconf 85' lang='lat' dir='ltr'>tophoro</span> <span class='ocrx_word' id='word_1_140' title='bbox 204 554 210 563; x_wconf 88' lang='lat'>,</span> <span class='ocrx_word' id='word_1_141' title='bbox 223 546 282 567; x_wconf 85' lang='lat' dir='ltr'>quem</span> <span class='ocrx_word' id='word_1_142' title='bbox 296 539 346 560; x_wconf 88' lang='lat' dir='ltr'>mihi</span> <span class='ocrx_word' id='word_1_143' title='bbox 357 540 526 560; x_wconf 84' lang='lat' dir='ltr'>communicatum</span> <span class='ocrx_word' id='word_1_144' title='bbox 536 539 600 560; x_wconf 87' lang='lat' dir='ltr'>voluit</span> <span class='ocrx_word' id='word_1_145' title='bbox 607 539 640 561; x_wconf 82' lang='lat' dir='ltr'>el.</span> <span class='ocrx_word' id='word_1_146' title='bbox 647 539 773 560; x_wconf 86' lang='lat' dir='ltr'>Croichetius</span> <span class='ocrx_word' id='word_1_147' title='bbox 782 554 787 562; x_wconf 90' lang='lat'><em>,</em></span> 
     </span>
    </p>
   </div>
   <div class='ocr_carea' id='block_1_3' title="bbox 107 567 788 625">
    <p class='ocr_par' dir='ltr' id='par_1_3' title="bbox 107 567 788 625">
     <span class='ocr_line' id='line_1_17' title="bbox 107 567 788 596; baseline 0.003 -9"><span class='ocrx_word' id='word_1_148' title='bbox 107 567 129 586; x_wconf 90' lang='lat' dir='ltr'>in</span> <span class='ocrx_word' id='word_1_149' title='bbox 142 567 233 595; x_wconf 83' lang='lat' dir='ltr'>supremo</span> <span class='ocrx_word' id='word_1_150' title='bbox 245 568 380 596; x_wconf 84' lang='lat' dir='ltr'>Sequanorum</span> <span class='ocrx_word' id='word_1_151' title='bbox 391 570 463 589; x_wconf 82' lang='lat' dir='ltr'>Senatu</span> <span class='ocrx_word' id='word_1_152' title='bbox 471 568 553 589; x_wconf 85' lang='lat' dir='ltr'>Orator.</span> <span class='ocrx_word' id='word_1_153' title='bbox 572 568 618 589; x_wconf 88' lang='lat' dir='ltr'>Pars</span> <span class='ocrx_word' id='word_1_154' title='bbox 626 575 694 589; x_wconf 80' lang='lat' dir='ltr'>aversa</span> <span class='ocrx_word' id='word_1_155' title='bbox 707 568 788 595; x_wconf 75' lang='lat' dir='ltr'>hujusce</span> 
     </span>
     <span class='ocr_line' id='line_1_18' title="bbox 109 595 479 625; baseline 0 -8"><span class='ocrx_word' id='word_1_156' title='bbox 109 596 224 624; x_wconf 81' lang='lat' dir='ltr'>cistophori</span> <span class='ocrx_word' id='word_1_157' title='bbox 232 596 332 621; x_wconf 82' lang='lat' dir='ltr'>Alletiano</span> <span class='ocrx_word' id='word_1_158' title='bbox 342 596 399 625; x_wconf 69' lang='lat' dir='ltr'>plane</span> <span class='ocrx_word' id='word_1_159' title='bbox 408 595 479 617; x_wconf 80' lang='lat' dir='ltr'>firnilis.</span> 
     </span>
    </p>
   </div>
   <div class='ocr_carea' id='block_1_4' title="bbox 107 957 885 1133">
    <p class='ocr_par' dir='ltr' id='par_1_4' title="bbox 107 957 885 1133">
     <span class='ocr_line' id='line_1_19' title="bbox 144 957 885 994; baseline 0.004 -17"><span class='ocrx_word' id='word_1_160' title='bbox 144 957 258 979; x_wconf 82' lang='lat' dir='ltr'>Commune</span> <span class='ocrx_word' id='word_1_161' title='bbox 266 958 368 988; x_wconf 81' lang='lat' dir='ltr'>quoddam</span> <span class='ocrx_word' id='word_1_162' title='bbox 376 959 519 988; x_wconf 83' lang='lat' dir='ltr'>Dionysiorum</span> <span class='ocrx_word' id='word_1_163' title='bbox 531 960 620 980; x_wconf 87' lang='lat' dir='ltr'>omnium</span> <span class='ocrx_word' id='word_1_164' title='bbox 630 958 691 980; x_wconf 85' lang='lat' dir='ltr'>decus</span> <span class='ocrx_word' id='word_1_165' title='bbox 701 974 707 983; x_wconf 89' lang='lat'>‚</span> <span class='ocrx_word' id='word_1_166' title='bbox 722 965 742 980; x_wconf 90' lang='lat' dir='ltr'>et</span> <span class='ocrx_word' id='word_1_167' title='bbox 751 967 783 979; x_wconf 86' lang='lat' dir='ltr'>or-</span> <span class='ocrx_word' id='word_1_168' title='bbox 810 976 824 994; x_wconf 76' lang='lat'>³·</span> <span class='ocrx_word' id='word_1_169' title='bbox 835 976 885 992; x_wconf 68' lang='lat' dir='ltr'>Destr-</span> 
     </span>
     <span class='ocr_line' id='line_1_20' title="bbox 107 986 862 1016; baseline 0.004 -10"><span class='ocrx_word' id='word_1_170' title='bbox 107 992 224 1007; x_wconf 84' lang='lat' dir='ltr'>namentnm</span> <span class='ocrx_word' id='word_1_171' title='bbox 237 986 343 1016; x_wconf 83' lang='lat' dir='ltr'>serpentes.</span> <span class='ocrx_word' id='word_1_172' title='bbox 364 987 404 1009; x_wconf 84' lang='lat' dir='ltr'>Illis</span> <span class='ocrx_word' id='word_1_173' title='bbox 416 988 561 1016; x_wconf 57' lang='lat' dir='ltr'>coronabantur</span> <span class='ocrx_word' id='word_1_174' title='bbox 572 987 714 1009; x_wconf 81' lang='lat' dir='ltr'>Mimalonides</span> <span class='ocrx_word' id='word_1_175' title='bbox 723 1003 728 1012; x_wconf 92' lang='lat'>‚</span> <span class='ocrx_word' id='word_1_176' title='bbox 739 987 781 1009; x_wconf 83' lang='lat' dir='ltr'>Bas-</span> <span class='ocrx_word' id='word_1_177' title='bbox 794 988 862 1015; x_wconf 43' lang='lat' dir='ltr'>pastibus,</span> 
     </span>
     <span class='ocr_line' id='line_1_21' title="bbox 108 1014 781 1046; baseline 0.003 -11"><span class='ocrx_word' id='word_1_178' title='bbox 108 1014 167 1035; x_wconf 69' lang='lat' dir='ltr'>strae.</span> <span class='ocrx_word' id='word_1_179' title='bbox 191 1016 240 1036; x_wconf 93' lang='lat' dir='ltr'>Non</span> <span class='ocrx_word' id='word_1_180' title='bbox 254 1016 303 1039; x_wconf 62' lang='lat' dir='ltr'>alii,</span> <span class='ocrx_word' id='word_1_181' title='bbox 319 1016 380 1046; x_wconf 66' lang='lat' dir='ltr'>quam</span> <span class='ocrx_word' id='word_1_182' title='bbox 393 1016 512 1039; x_wconf 79' lang='lat' dir='ltr'>immanibus</span> <span class='ocrx_word' id='word_1_183' title='bbox 524 1016 621 1045; x_wconf 80' lang='lat' dir='ltr'>anguibus</span> <span class='ocrx_word' id='word_1_184' title='bbox 633 1016 684 1037; x_wconf 56' lang='lat' dir='ltr'>zona</span> <span class='ocrx_word' id='word_1_185' title='bbox 696 1016 781 1038; x_wconf 83' lang='lat' dir='ltr'>uteban-</span> 
     </span>
     <span class='ocr_line' id='line_1_22' title="bbox 108 1044 785 1075; baseline 0.003 -11"><span class='ocrx_word' id='word_1_186' title='bbox 108 1049 141 1064; x_wconf 88' lang='lat' dir='ltr'>tur</span> <span class='ocrx_word' id='word_1_187' title='bbox 151 1044 247 1066; x_wconf 85' lang='lat' dir='ltr'>Bacchae.</span> <span class='ocrx_word' id='word_1_188' title='bbox 265 1046 379 1067; x_wconf 85' lang='lat' dir='ltr'>Draconem</span> <span class='ocrx_word' id='word_1_189' title='bbox 386 1045 447 1067; x_wconf 84' lang='lat' dir='ltr'>baltei</span> <span class='ocrx_word' id='word_1_190' title='bbox 454 1061 459 1068; x_wconf 88' lang='lat'>.</span> <span class='ocrx_word' id='word_1_191' title='bbox 473 1052 494 1067; x_wconf 87' lang='lat' dir='ltr'>et</span> <span class='ocrx_word' id='word_1_192' title='bbox 504 1047 580 1075; x_wconf 81' lang='lat' dir='ltr'>torquis</span> <span class='ocrx_word' id='word_1_193' title='bbox 587 1047 639 1067; x_wconf 86' lang='lat' dir='ltr'>vices</span> <span class='ocrx_word' id='word_1_194' title='bbox 649 1052 741 1074; x_wconf 83' lang='lat' dir='ltr'>agentem</span> <span class='ocrx_word' id='word_1_195' title='bbox 752 1053 785 1067; x_wconf 86' lang='lat' dir='ltr'>os-</span> 
     </span>
     <span class='ocr_line' id='line_1_23' title="bbox 108 1072 785 1103; baseline 0.003 -10"><span class='ocrx_word' id='word_1_196' title='bbox 108 1072 213 1094; x_wconf 83' lang='lat' dir='ltr'>tentabant</span> <span class='ocrx_word' id='word_1_197' title='bbox 222 1074 337 1096; x_wconf 87' lang='lat' dir='ltr'>Maenades.</span> <span class='ocrx_word' id='word_1_198' title='bbox 356 1074 401 1096; x_wconf 77' lang='lat' dir='ltr'>illos</span> <span class='ocrx_word' id='word_1_199' title='bbox 409 1075 442 1096; x_wconf 90' lang='lat' dir='ltr'>alii</span> <span class='ocrx_word' id='word_1_200' title='bbox 447 1075 538 1096; x_wconf 82' lang='lat' dir='ltr'>manibus</span> <span class='ocrx_word' id='word_1_201' title='bbox 545 1074 686 1096; x_wconf 86' lang='lat' dir='ltr'>demulcebant</span> <span class='ocrx_word' id='word_1_202' title='bbox 697 1090 703 1099; x_wconf 85' lang='lat'><strong><em>‚</em></strong></span> <span class='ocrx_word' id='word_1_203' title='bbox 718 1080 739 1095; x_wconf 85' lang='lat' dir='ltr'>et</span> <span class='ocrx_word' id='word_1_204' title='bbox 744 1074 785 1103; x_wconf 63' lang='lat' dir='ltr'>ple«</span> 
     </span>
     <span class='ocr_line' id='line_1_24' title="bbox 107 1101 785 1133; baseline 0.003 -11"><span class='ocrx_word' id='word_1_205' title='bbox 107 1101 190 1123; x_wconf 75' lang='lat' dir='ltr'>beculae</span> <span class='ocrx_word' id='word_1_206' title='bbox 205 1101 358 1125; x_wconf 81' lang='lat' dir='ltr'>summovendae</span> <span class='ocrx_word' id='word_1_207' title='bbox 368 1119 374 1128; x_wconf 87' lang='lat'>‚</span> <span class='ocrx_word' id='word_1_208' title='bbox 388 1104 517 1125; x_wconf 80' lang='lat' dir='ltr'>terrendaeve</span> <span class='ocrx_word' id='word_1_209' title='bbox 530 1103 675 1125; x_wconf 78' lang='lat' dir='ltr'>deosculandos</span> <span class='ocrx_word' id='word_1_210' title='bbox 686 1104 785 1133; x_wconf 81' lang='lat' dir='ltr'>impinge-</span> 
     </span>
    </p>
   </div>
   <div class='ocr_carea' id='block_1_5' title="bbox 109 1160 784 1222">
    <p class='ocr_par' dir='ltr' id='par_1_5' title="bbox 109 1160 784 1222">
     <span class='ocr_line' id='line_1_25' title="bbox 142 1160 784 1183; baseline 0.005 -9"><span class='ocrx_word' id='word_1_211' title='bbox 142 1164 144 1166; x_wconf 72' lang='lat'><strong><em>¹</em></strong></span> <span class='ocrx_word' id='word_1_212' title='bbox 150 1160 157 1178; x_wconf 88' lang='lat'>[</span> <span class='ocrx_word' id='word_1_213' title='bbox 163 1166 171 1174; x_wconf 78' lang='grc' dir='ltr'><strong><em>ι</em></strong></span> <span class='ocrx_word' id='word_1_214' title='bbox 177 1161 183 1178; x_wconf 97' lang='grc'>]</span> <span class='ocrx_word' id='word_1_215' title='bbox 191 1160 227 1175; x_wconf 74' lang='lat' dir='ltr'>Loco</span> <span class='ocrx_word' id='word_1_216' title='bbox 233 1160 281 1176; x_wconf 76' lang='lat' dir='ltr'>citato.</span> <span class='ocrx_word' id='word_1_217' title='bbox 324 1161 331 1179; x_wconf 90' lang='lat'><strong>[</strong></span> <span class='ocrx_word' id='word_1_218' title='bbox 337 1160 357 1181; x_wconf 73' lang='lat' dir='ltr'>b]</span> <span class='ocrx_word' id='word_1_219' title='bbox 370 1161 386 1176; x_wconf 84' lang='lat' dir='ltr'>ln</span> <span class='ocrx_word' id='word_1_220' title='bbox 393 1160 453 1176; x_wconf 71' lang='lat' dir='ltr'>Achata.</span> <span class='ocrx_word' id='word_1_221' title='bbox 495 1161 525 1181; x_wconf 74' lang='grc' dir='ltr'>[ι]</span> <span class='ocrx_word' id='word_1_222' title='bbox 537 1161 597 1183; x_wconf 73' lang='lat' dir='ltr'>Hesyrh.</span> <span class='ocrx_word' id='word_1_223' title='bbox 643 1161 677 1180; x_wconf 70' lang='lat' dir='ltr'>[d]</span> <span class='ocrx_word' id='word_1_224' title='bbox 688 1162 725 1176; x_wconf 76' lang='lat' dir='ltr'>Loco</span> <span class='ocrx_word' id='word_1_225' title='bbox 734 1160 784 1177; x_wconf 52' lang='lat' dir='ltr'>simun</span> 
     </span>
     <span class='ocr_line' id='line_1_26' title="bbox 109 1178 633 1222; baseline -0.004 -26"><span class='ocrx_word' id='word_1_226' title='bbox 109 1178 140 1198; x_wconf 72' lang='lat'>[1]</span> <span class='ocrx_word' id='word_1_227' title='bbox 151 1180 219 1197; x_wconf 65' lang='lat' dir='ltr'>Piumdz.</span> <span class='ocrx_word' id='word_1_228' title='bbox 224 1180 240 1195; x_wconf 81' lang='lat' dir='ltr'>in</span> <span class='ocrx_word' id='word_1_229' title='bbox 247 1180 321 1196; x_wconf 75' lang='lat' dir='ltr'>Phocione.</span> <span class='ocrx_word' id='word_1_230' title='bbox 617 1201 633 1222; x_wconf 78' lang='lat' dir='ltr'>E</span> 
     </span>
    </p>
   </div>
  </div>
 </body>
</html>
