<?xml version="1.0" encoding="UTF-8"?>
<!DOCTYPE html PUBLIC "-//W3C//DTD XHTML 1.0 Transitional//EN"
    "http://www.w3.org/TR/xhtml1/DTD/xhtml1-transitional.dtd">
<html xmlns="http://www.w3.org/1999/xhtml" xml:lang="en" lang="en">
 <head>
  <title>
</title>
<meta http-equiv="Content-Type" content="text/html;charset=utf-8" />
  <meta name='ocr-system' content='tesseract 3.04.00' />
  <meta name='ocr-capabilities' content='ocr_page ocr_carea ocr_par ocr_line ocrx_word'/>
</head>
<body>
  <div class='ocr_page' id='page_1' title='image "alexandrixavier00panegoog_0122.png"; bbox 0 0 4212 5496; ppageno 0'>
   <div class='ocr_carea' id='block_1_1' title="bbox 596 275 1651 472">
    <p class='ocr_par' dir='ltr' id='par_1_1' title="bbox 578 268 1651 472">
     <span class='ocr_line' id='line_1_1' title="bbox 596 275 1651 472; baseline 0.005 -31.916"><span class='ocrx_word' id='word_1_1' title='bbox 596 330 696 442; x_wconf 75' lang='lat' dir='ltr'>nt</span> <span class='ocrx_word' id='word_1_2' title='bbox 767 341 1332 449; x_wconf 77' lang='lat' dir='ltr'>crstornours.</span> <span class='ocrx_word' id='word_1_3' title='bbox 1481 275 1651 472; x_wconf 48' lang='grc' dir='ltr'>ἰ..</span> 
     </span>
    </p>
   </div>
   <div class='ocr_carea' id='block_1_2' title="bbox 152 473 1721 4379">
    <p class='ocr_par' dir='ltr' id='par_1_2' title="bbox 152 473 1721 4379">
     <span class='ocr_line' id='line_1_2' title="bbox 248 473 1612 588; baseline 0.001 -22"><span class='ocrx_word' id='word_1_4' title='bbox 248 509 354 566; x_wconf 89' lang='lat' dir='ltr'>nune</span> <span class='ocrx_word' id='word_1_5' title='bbox 390 483 558 566; x_wconf 81' lang='lat' dir='ltr'>ratione.</span> <span class='ocrx_word' id='word_1_6' title='bbox 611 483 654 562; x_wconf 93' lang='lat' dir='ltr'>In</span> <span class='ocrx_word' id='word_1_7' title='bbox 682 479 912 562; x_wconf 84' lang='lat' dir='ltr'>nummariis</span> <span class='ocrx_word' id='word_1_8' title='bbox 936 474 1297 560; x_wconf 82' lang='lat' dir='ltr'>enumerationibus</span> <span class='ocrx_word' id='word_1_9' title='bbox 1326 473 1612 588; x_wconf 86' lang='lat' dir='ltr'>apudLiviom</span> 
     </span>
     <span class='ocr_line' id='line_1_3' title="bbox 245 589 1649 710; baseline -0.011 -28"><span class='ocrx_word' id='word_1_10' title='bbox 245 619 442 710; x_wconf 81' lang='lat' dir='ltr'>agentem</span> <span class='ocrx_word' id='word_1_11' title='bbox 460 595 526 702; x_wconf 79' lang='lat' dir='ltr'>de</span> <span class='ocrx_word' id='word_1_12' title='bbox 552 615 719 707; x_wconf 86' lang='lat' dir='ltr'>argento</span> <span class='ocrx_word' id='word_1_13' title='bbox 738 591 889 704; x_wconf 80' lang='lat' dir='ltr'>signato</span> <span class='ocrx_word' id='word_1_14' title='bbox 918 589 1147 701; x_wconf 87' lang='lat' dir='ltr'>triumphali</span> <span class='ocrx_word' id='word_1_15' title='bbox 1164 593 1221 672; x_wconf 88' lang='lat' dir='ltr'>M.</span> <span class='ocrx_word' id='word_1_16' title='bbox 1238 589 1382 686; x_wconf 89' lang='lat' dir='ltr'>Acilii,</span> <span class='ocrx_word' id='word_1_17' title='bbox 1407 593 1453 680; x_wconf 85' lang='lat' dir='ltr'>L.</span> <span class='ocrx_word' id='word_1_18' title='bbox 1472 600 1609 688; x_wconf 79' lang='lat' dir='ltr'>Aemi.</span> <span class='ocrx_word' id='word_1_19' title='bbox 1644 656 1649 667; x_wconf 94' lang='lat'>.</span> 
     </span>
     <span class='ocr_line' id='line_1_4' title="bbox 245 681 1610 823; baseline -0.001 -28"><span class='ocrx_word' id='word_1_20' title='bbox 245 711 315 811; x_wconf 86' lang='lat' dir='ltr'>lii,</span> <span class='ocrx_word' id='word_1_21' title='bbox 353 713 399 794; x_wconf 85' lang='lat' dir='ltr'>l..</span> <span class='ocrx_word' id='word_1_22' title='bbox 419 714 611 823; x_wconf 84' lang='lat' dir='ltr'>Scipionis</span> <span class='ocrx_word' id='word_1_23' title='bbox 642 716 720 790; x_wconf 78' lang='lat' dir='ltr'>&amp;e</span> <span class='ocrx_word' id='word_1_24' title='bbox 749 703 1143 792; x_wconf 84' lang='lat' dir='ltr'>animadvertendum</span> <span class='ocrx_word' id='word_1_25' title='bbox 1164 681 1610 822; x_wconf 70' lang='lat' dir='ltr'>occurritCistophords</span> 
     </span>
     <span class='ocr_line' id='line_1_5' title="bbox 252 820 1610 936; baseline -0.002 -28"><span class='ocrx_word' id='word_1_26' title='bbox 252 855 352 910; x_wconf 90' lang='lat' dir='ltr'>unos</span> <span class='ocrx_word' id='word_1_27' title='bbox 375 820 784 910; x_wconf 78' lang='lat' dir='ltr'>cumtetradrachmis</span> <span class='ocrx_word' id='word_1_28' title='bbox 810 820 952 905; x_wconf 87' lang='lat' dir='ltr'>Atticis</span> <span class='ocrx_word' id='word_1_29' title='bbox 966 821 1190 908; x_wconf 79' lang='lat' dir='ltr'>recenseri,</span> <span class='ocrx_word' id='word_1_30' title='bbox 1213 843 1255 902; x_wconf 91' lang='lat' dir='ltr'>et</span> <span class='ocrx_word' id='word_1_31' title='bbox 1275 841 1461 936; x_wconf 91' lang='lat' dir='ltr'>utrosque</span> <span class='ocrx_word' id='word_1_32' title='bbox 1487 827 1610 908; x_wconf 87' lang='lat' dir='ltr'>modo</span> 
     </span>
     <span class='ocr_line' id='line_1_6' title="bbox 251 931 1608 1047; baseline 0 -24"><span class='ocrx_word' id='word_1_33' title='bbox 251 940 394 1023; x_wconf 91' lang='lat' dir='ltr'>eodem</span> <span class='ocrx_word' id='word_1_34' title='bbox 421 967 468 1020; x_wconf 85' lang='lat' dir='ltr'>ac</span> <span class='ocrx_word' id='word_1_35' title='bbox 488 965 641 1020; x_wconf 86' lang='lat' dir='ltr'>tenore.</span> <span class='ocrx_word' id='word_1_36' title='bbox 699 939 793 1047; x_wconf 83' lang='lat' dir='ltr'>Qto</span> <span class='ocrx_word' id='word_1_37' title='bbox 815 931 905 1018; x_wconf 76' lang='lat' dir='ltr'>sani:</span> <span class='ocrx_word' id='word_1_38' title='bbox 926 932 1146 1017; x_wconf 88' lang='lat' dir='ltr'>ostenditur</span> <span class='ocrx_word' id='word_1_39' title='bbox 1164 932 1447 1046; x_wconf 69' lang='lat' dir='ltr'>Cistophorum</span> <span class='ocrx_word' id='word_1_40' title='bbox 1473 937 1524 1022; x_wconf 87' lang='lat' dir='ltr'>ad</span> <span class='ocrx_word' id='word_1_41' title='bbox 1547 965 1608 1023; x_wconf 83' lang='lat' dir='ltr'>te·</span> 
     </span>
     <span class='ocr_line' id='line_1_7' title="bbox 247 1045 1606 1165; baseline -0.01 -28"><span class='ocrx_word' id='word_1_42' title='bbox 247 1052 520 1138; x_wconf 88' lang='lat' dir='ltr'>tradrachmae</span> <span class='ocrx_word' id='word_1_43' title='bbox 531 1049 664 1165; x_wconf 89' lang='lat' dir='ltr'>pondo</span> <span class='ocrx_word' id='word_1_44' title='bbox 678 1049 896 1144; x_wconf 87' lang='lat' dir='ltr'>accedere,</span> <span class='ocrx_word' id='word_1_45' title='bbox 925 1047 1250 1161; x_wconf 88' lang='lat' dir='ltr'>quandoquidem</span> <span class='ocrx_word' id='word_1_46' title='bbox 1265 1045 1411 1162; x_wconf 86' lang='lat' dir='ltr'>duplex</span> <span class='ocrx_word' id='word_1_47' title='bbox 1425 1051 1467 1134; x_wconf 91' lang='lat' dir='ltr'>id</span> <span class='ocrx_word' id='word_1_48' title='bbox 1489 1083 1606 1140; x_wconf 86' lang='lat' dir='ltr'>num.</span> 
     </span>
     <span class='ocr_line' id='line_1_8' title="bbox 250 1161 1607 1282; baseline 0.001 -30"><span class='ocrx_word' id='word_1_49' title='bbox 250 1174 305 1252; x_wconf 89' lang='lat' dir='ltr'>mi</span> <span class='ocrx_word' id='word_1_50' title='bbox 335 1171 515 1282; x_wconf 86' lang='lat' dir='ltr'>argentei</span> <span class='ocrx_word' id='word_1_51' title='bbox 548 1193 672 1278; x_wconf 88' lang='lat' dir='ltr'>genus</span> <span class='ocrx_word' id='word_1_52' title='bbox 701 1188 855 1247; x_wconf 87' lang='lat' dir='ltr'>tantum</span> <span class='ocrx_word' id='word_1_53' title='bbox 882 1183 1159 1256; x_wconf 85' lang='lat' dir='ltr'>memoretur,</span> <span class='ocrx_word' id='word_1_54' title='bbox 1197 1161 1359 1245; x_wconf 87' lang='lat' dir='ltr'>caeteris</span> <span class='ocrx_word' id='word_1_55' title='bbox 1388 1168 1607 1254; x_wconf 82' lang='lat' dir='ltr'>minoribus</span> 
     </span>
     <span class='ocr_line' id='line_1_9' title="bbox 231 1274 1656 1394; baseline 0.001 -28"><span class='ocrx_word' id='word_1_56' title='bbox 231 1291 417 1366; x_wconf 88' lang='lat' dir='ltr'>&#39;nummis</span> <span class='ocrx_word' id='word_1_57' title='bbox 433 1278 587 1362; x_wconf 87' lang='lat' dir='ltr'>silentio</span> <span class='ocrx_word' id='word_1_58' title='bbox 607 1274 896 1394; x_wconf 77' lang='lat' dir='ltr'>praetermissis.</span> <span class='ocrx_word' id='word_1_59' title='bbox 934 1278 1141 1362; x_wconf 85' lang='lat' dir='ltr'>Praeterea</span> <span class='ocrx_word' id='word_1_60' title='bbox 1159 1277 1445 1390; x_wconf 78' lang='lat' dir='ltr'>Cistophortim</span> <span class='ocrx_word' id='word_1_61' title='bbox 1463 1288 1605 1368; x_wconf 89' lang='lat' dir='ltr'>trium·</span> <span class='ocrx_word' id='word_1_62' title='bbox 1653 1377 1656 1386; x_wconf 26' lang='lat'>¹</span> 
     </span>
     <span class='ocr_line' id='line_1_10' title="bbox 161 1389 1604 1512; baseline -0.01 -30"><span class='ocrx_word' id='word_1_63' title='bbox 161 1473 164 1482; x_wconf 18' lang='grc' dir='ltr'><strong><em>Δ</em></strong></span> <span class='ocrx_word' id='word_1_64' title='bbox 246 1397 372 1512; x_wconf 87' lang='lat' dir='ltr'>phalis</span> <span class='ocrx_word' id='word_1_65' title='bbox 387 1394 565 1490; x_wconf 85' lang='lat' dir='ltr'>summa,</span> <span class='ocrx_word' id='word_1_66' title='bbox 591 1389 1020 1503; x_wconf 80' lang='lat' dir='ltr'>srtalisCistophorus‚</span> <span class='ocrx_word' id='word_1_67' title='bbox 1051 1389 1177 1506; x_wconf 82' lang='lat' dir='ltr'>qualis</span> <span class='ocrx_word' id='word_1_68' title='bbox 1193 1393 1411 1486; x_wconf 88' lang='lat' dir='ltr'>Turnebo‚</span> <span class='ocrx_word' id='word_1_69' title='bbox 1442 1397 1604 1485; x_wconf 87' lang='lat' dir='ltr'>Glarea.</span> 
     </span>
     <span class='ocr_line' id='line_1_11' title="bbox 243 1501 1601 1608; baseline 0.002 -14"><span class='ocrx_word' id='word_1_70' title='bbox 243 1543 325 1608; x_wconf 89' lang='lat' dir='ltr'>no,</span> <span class='ocrx_word' id='word_1_71' title='bbox 352 1511 542 1604; x_wconf 82' lang='lat' dir='ltr'>nudaeo,</span> <span class='ocrx_word' id='word_1_72' title='bbox 570 1512 787 1604; x_wconf 85' lang='lat' dir='ltr'>Dacietio,</span> <span class='ocrx_word' id='word_1_73' title='bbox 812 1506 1023 1594; x_wconf 87' lang='lat' dir='ltr'>Pridavvio</span> <span class='ocrx_word' id='word_1_74' title='bbox 1050 1501 1223 1588; x_wconf 87' lang='lat' dir='ltr'>creditus</span> <span class='ocrx_word' id='word_1_75' title='bbox 1245 1529 1331 1593; x_wconf 84' lang='lat' dir='ltr'>est.</span> <span class='ocrx_word' id='word_1_76' title='bbox 1364 1511 1489 1594; x_wconf 82' lang='lat' dir='ltr'>levior</span> <span class='ocrx_word' id='word_1_77' title='bbox 1514 1538 1601 1606; x_wconf 84' lang='lat' dir='ltr'>est,</span> 
     </span>
     <span class='ocr_line' id='line_1_12' title="bbox 245 1609 1603 1739; baseline 0.002 -31"><span class='ocrx_word' id='word_1_78' title='bbox 245 1625 369 1739; x_wconf 71' lang='lat' dir='ltr'>quam</span> <span class='ocrx_word' id='word_1_79' title='bbox 392 1649 438 1710; x_wconf 89' lang='lat' dir='ltr'>ut</span> <span class='ocrx_word' id='word_1_80' title='bbox 463 1624 596 1710; x_wconf 87' lang='lat' dir='ltr'>locum</span> <span class='ocrx_word' id='word_1_81' title='bbox 622 1625 728 1736; x_wconf 86' lang='lat' dir='ltr'>apud</span> <span class='ocrx_word' id='word_1_82' title='bbox 752 1625 909 1705; x_wconf 82' lang='lat' dir='ltr'>Livium</span> <span class='ocrx_word' id='word_1_83' title='bbox 936 1609 1146 1702; x_wconf 82' lang='lat' dir='ltr'>mereatur.</span> <span class='ocrx_word' id='word_1_84' title='bbox 1206 1625 1349 1732; x_wconf 86' lang='lat' dir='ltr'>Neque</span> <span class='ocrx_word' id='word_1_85' title='bbox 1374 1634 1603 1738; x_wconf 91' lang='lat' dir='ltr'>opposueris</span> 
     </span>
     <span class='ocr_line' id='line_1_13' title="bbox 242 1733 1601 1856; baseline -0.001 -30"><span class='ocrx_word' id='word_1_86' title='bbox 242 1740 525 1856; x_wconf 83' lang='lat' dir='ltr'>Cistoplrorum</span> <span class='ocrx_word' id='word_1_87' title='bbox 545 1744 613 1850; x_wconf 92' lang='lat' dir='ltr'>qui</span> <span class='ocrx_word' id='word_1_88' title='bbox 638 1738 758 1852; x_wconf 92' lang='lat' dir='ltr'>duplo</span> <span class='ocrx_word' id='word_1_89' title='bbox 784 1733 909 1844; x_wconf 87' lang='lat' dir='ltr'>major</span> <span class='ocrx_word' id='word_1_90' title='bbox 925 1733 1216 1818; x_wconf 83' lang='lat' dir='ltr'>tetradraelrmo</span> <span class='ocrx_word' id='word_1_91' title='bbox 1237 1740 1540 1822; x_wconf 87' lang='lat' dir='ltr'>commendatur</span> <span class='ocrx_word' id='word_1_92' title='bbox 1557 1741 1601 1826; x_wconf 84' lang='lat' dir='ltr'>iu</span> 
     </span>
     <span class='ocr_line' id='line_1_14' title="bbox 241 1849 1601 1970; baseline -0.003 -28"><span class='ocrx_word' id='word_1_93' title='bbox 241 1861 369 1970; x_wconf 86' lang='lat' dir='ltr'>Regia</span> <span class='ocrx_word' id='word_1_94' title='bbox 393 1851 622 1968; x_wconf 80' lang='lat' dir='ltr'>supellectili</span> <span class='ocrx_word' id='word_1_95' title='bbox 648 1856 870 1936; x_wconf 86' lang='lat' dir='ltr'>nummaria</span> <span class='ocrx_word' id='word_1_96' title='bbox 893 1853 1024 1932; x_wconf 88' lang='lat' dir='ltr'>Seren.</span> <span class='ocrx_word' id='word_1_97' title='bbox 1055 1849 1245 1961; x_wconf 87' lang='lat' dir='ltr'>Principis</span> <span class='ocrx_word' id='word_1_98' title='bbox 1268 1851 1456 1954; x_wconf 66' lang='lat' dir='ltr'>F&#39;tide&#39;rici</span> <span class='ocrx_word' id='word_1_99' title='bbox 1480 1859 1601 1938; x_wconf 85' lang='lat' dir='ltr'>Saxo·</span> 
     </span>
     <span class='ocr_line' id='line_1_15' title="bbox 206 1961 1635 2076; baseline -0.014 -20"><span class='ocrx_word' id='word_1_100' title='bbox 206 1963 208 1966; x_wconf 33' lang='lat'>⁵</span> <span class='ocrx_word' id='word_1_101' title='bbox 243 1970 433 2056; x_wconf 83' lang='lat' dir='ltr'>Gothani.</span> <span class='ocrx_word' id='word_1_102' title='bbox 475 1967 542 2050; x_wconf 82' lang='lat' dir='ltr'>lta</span> <span class='ocrx_word' id='word_1_103' title='bbox 560 1963 735 2070; x_wconf 81' lang='lat' dir='ltr'>sehabet</span> <span class='ocrx_word' id='word_1_104' title='bbox 755 1961 1116 2076; x_wconf 80' lang='lat' dir='ltr'>cistophorusille‘.</span> <span class='ocrx_word' id='word_1_105' title='bbox 1631 2027 1635 2036; x_wconf 90' lang='lat'><em>.</em></span> 
     </span>
     <span class='ocr_line' id='line_1_16' title="bbox 320 2079 1600 2195; baseline -0.001 -25"><span class='ocrx_word' id='word_1_106' title='bbox 320 2091 392 2170; x_wconf 84' lang='lat' dir='ltr'>M.</span> <span class='ocrx_word' id='word_1_107' title='bbox 441 2082 884 2195; x_wconf 77' lang='lat' dir='ltr'>ANTONIVS¹</span> <span class='ocrx_word' id='word_1_108' title='bbox 933 2081 1078 2162; x_wconf 84' lang='lat' dir='ltr'>IMP.</span> <span class='ocrx_word' id='word_1_109' title='bbox 1132 2079 1273 2168; x_wconf 85' lang='lat' dir='ltr'>COS.</span> <span class='ocrx_word' id='word_1_110' title='bbox 1339 2085 1600 2173; x_wconf 72' lang='lat' dir='ltr'>nesto.</span> 
     </span>
     <span class='ocr_line' id='line_1_17' title="bbox 205 2191 1599 2306; baseline 0.004 -28"><span class='ocrx_word' id='word_1_111' title='bbox 205 2201 425 2292; x_wconf 61' lang='lat' dir='ltr'>utun.</span> <span class='ocrx_word' id='word_1_112' title='bbox 482 2197 571 2284; x_wconf 81' lang='lat' dir='ltr'>ET·</span> <span class='ocrx_word' id='word_1_113' title='bbox 628 2198 841 2287; x_wconf 79' lang='lat' dir='ltr'><strong>TERP.</strong></span> <span class='ocrx_word' id='word_1_114' title='bbox 902 2191 1013 2298; x_wconf 75' lang='lat' dir='ltr'>(fic.)</span> <span class='ocrx_word' id='word_1_115' title='bbox 1056 2193 1185 2306; x_wconf 89' lang='lat' dir='ltr'>Caput</span> <span class='ocrx_word' id='word_1_116' title='bbox 1207 2193 1599 2284; x_wconf 84' lang='lat' dir='ltr'>M.Antoniihede··</span> 
     </span>
     <span class='ocr_line' id='line_1_18' title="bbox 243 2306 1600 2416; baseline -0.002 -14"><span class='ocrx_word' id='word_1_117' title='bbox 243 2315 287 2402; x_wconf 71' lang='lat' dir='ltr'>r‘tl</span> <span class='ocrx_word' id='word_1_118' title='bbox 311 2314 538 2400; x_wconf 83' lang='lat' dir='ltr'>redimitum</span> <span class='ocrx_word' id='word_1_119' title='bbox 554 2314 600 2400; x_wconf 74' lang='lat' dir='ltr'>,in</span> <span class='ocrx_word' id='word_1_120' title='bbox 626 2310 759 2404; x_wconf 85' lang='lat' dir='ltr'>medio</span> <span class='ocrx_word' id='word_1_121' title='bbox 776 2335 944 2393; x_wconf 84' lang='lat' dir='ltr'>coronae</span> <span class='ocrx_word' id='word_1_122' title='bbox 971 2306 1213 2392; x_wconf 78' lang='lat' dir='ltr'>hederace&#39;ae</span> <span class='ocrx_word' id='word_1_123' title='bbox 1236 2335 1277 2392; x_wconf 90' lang='lat' dir='ltr'>et</span> <span class='ocrx_word' id='word_1_124' title='bbox 1295 2311 1600 2416; x_wconf 80' lang='lat' dir='ltr'>corymbiferae.</span> 
     </span>
     <span class='ocr_line' id='line_1_19' title="bbox 243 2419 1601 2540; baseline -0.002 -25"><span class='ocrx_word' id='word_1_125' title='bbox 243 2437 280 2538; x_wconf 80' lang='lat'>)(</span> <span class='ocrx_word' id='word_1_126' title='bbox 311 2429 478 2518; x_wconf 82' lang='lat' dir='ltr'>Ili-VIR</span> <span class='ocrx_word' id='word_1_127' title='bbox 521 2430 569 2511; x_wconf 86' lang='lat' dir='ltr'>R.</span> <span class='ocrx_word' id='word_1_128' title='bbox 614 2428 655 2508; x_wconf 86' lang='lat' dir='ltr'>P.</span> <span class='ocrx_word' id='word_1_129' title='bbox 705 2429 753 2510; x_wconf 89' lang='lat' dir='ltr'>C.</span> <span class='ocrx_word' id='word_1_130' title='bbox 793 2419 1183 2536; x_wconf 16' lang='lat' dir='ltr'>Caput-Cleopatrae</span> <span class='ocrx_word' id='word_1_131' title='bbox 1209 2421 1324 2536; x_wconf 90' lang='lat' dir='ltr'>supra</span> <span class='ocrx_word' id='word_1_132' title='bbox 1352 2423 1473 2508; x_wconf 85' lang='lat' dir='ltr'>basim</span> <span class='ocrx_word' id='word_1_133' title='bbox 1501 2456 1601 2540; x_wconf 86' lang='lat' dir='ltr'>qna·</span> 
     </span>
     <span class='ocr_line' id='line_1_20' title="bbox 243 2539 1601 2652; baseline -0.004 -21"><span class='ocrx_word' id='word_1_134' title='bbox 243 2549 394 2640; x_wconf 87' lang='lat' dir='ltr'>dratam</span> <span class='ocrx_word' id='word_1_135' title='bbox 417 2600 428 2637; x_wconf 91' lang='lat'>,</span> <span class='ocrx_word' id='word_1_136' title='bbox 452 2547 495 2623; x_wconf 89' lang='lat' dir='ltr'>in</span> <span class='ocrx_word' id='word_1_137' title='bbox 522 2569 599 2652; x_wconf 86' lang='lat' dir='ltr'>qua</span> <span class='ocrx_word' id='word_1_138' title='bbox 617 2539 794 2652; x_wconf 90' lang='lat' dir='ltr'>depictus</span> <span class='ocrx_word' id='word_1_139' title='bbox 808 2565 867 2630; x_wconf 88' lang='lat' dir='ltr'>est</span> <span class='ocrx_word' id='word_1_140' title='bbox 882 2541 1131 2649; x_wconf 86' lang='lat' dir='ltr'>capricornus</span> <span class='ocrx_word' id='word_1_141' title='bbox 1145 2572 1159 2630; x_wconf 72' lang='grc' dir='ltr'>ς,</span> <span class='ocrx_word' id='word_1_142' title='bbox 1181 2545 1381 2652; x_wconf 87' lang='lat' dir='ltr'>utrimque</span> <span class='ocrx_word' id='word_1_143' title='bbox 1405 2540 1601 2652; x_wconf 80' lang='lat' dir='ltr'>serpentes</span> 
     </span>
     <span class='ocr_line' id='line_1_21' title="bbox 244 2651 1600 2768; baseline -0.003 -24"><span class='ocrx_word' id='word_1_144' title='bbox 244 2663 327 2744; x_wconf 93' lang='lat' dir='ltr'>duo</span> <span class='ocrx_word' id='word_1_145' title='bbox 344 2661 503 2768; x_wconf 87' lang='lat' dir='ltr'>erigunt</span> <span class='ocrx_word' id='word_1_146' title='bbox 518 2654 554 2737; x_wconf 90' lang='lat' dir='ltr'>se</span> <span class='ocrx_word' id='word_1_147' title='bbox 570 2653 607 2739; x_wconf 91' lang='lat' dir='ltr'>se</span> <span class='ocrx_word' id='word_1_148' title='bbox 626 2714 637 2748; x_wconf 90' lang='lat'>‚</span> <span class='ocrx_word' id='word_1_149' title='bbox 662 2676 703 2734; x_wconf 89' lang='lat' dir='ltr'>et</span> <span class='ocrx_word' id='word_1_150' title='bbox 717 2655 859 2737; x_wconf 86' lang='lat' dir='ltr'>caudas</span> <span class='ocrx_word' id='word_1_151' title='bbox 880 2651 947 2734; x_wconf 89' lang='lat' dir='ltr'>srbi</span> <span class='ocrx_word' id='word_1_152' title='bbox 963 2655 1137 2736; x_wconf 70' lang='lat' dir='ltr'>invicem.</span> <span class='ocrx_word' id='word_1_153' title='bbox 1151 2654 1397 2766; x_wconf 86' lang='lat' dir='ltr'>complicant.</span> <span class='ocrx_word' id='word_1_154' title='bbox 1454 2656 1510 2738; x_wconf 87' lang='lat' dir='ltr'>At</span> <span class='ocrx_word' id='word_1_155' title='bbox 1537 2657 1600 2742; x_wconf 89' lang='lat' dir='ltr'>vel</span> 
     </span>
     <span class='ocr_line' id='line_1_22' title="bbox 244 2764 1721 2888; baseline -0.001 -30"><span class='ocrx_word' id='word_1_156' title='bbox 244 2782 327 2888; x_wconf 88' lang='lat' dir='ltr'>ipse</span> <span class='ocrx_word' id='word_1_157' title='bbox 343 2769 571 2882; x_wconf 82' lang='lat' dir='ltr'>cistophori</span> <span class='ocrx_word' id='word_1_158' title='bbox 588 2769 714 2852; x_wconf 85' lang='lat' dir='ltr'>editor</span> <span class='ocrx_word' id='word_1_159' title='bbox 741 2767 805 2852; x_wconf 88' lang='lat' dir='ltr'>Cl.</span> <span class='ocrx_word' id='word_1_160' title='bbox 827 2781 883 2862; x_wconf 86' lang='lat' dir='ltr'>D.</span> <span class='ocrx_word' id='word_1_161' title='bbox 901 2764 1019 2850; x_wconf 89' lang='lat' dir='ltr'>Liebe</span> <span class='ocrx_word' id='word_1_162' title='bbox 1037 2770 1108 2872; x_wconf 76' lang='lat' dir='ltr'>(a)</span> <span class='ocrx_word' id='word_1_163' title='bbox 1135 2793 1250 2849; x_wconf 84' lang='lat' dir='ltr'>vocat</span> <span class='ocrx_word' id='word_1_164' title='bbox 1273 2767 1387 2852; x_wconf 88' lang='lat' dir='ltr'>illum</span> <span class='ocrx_word' id='word_1_165' title='bbox 1410 2773 1450 2852; x_wconf 91' lang='lat' dir='ltr'>in</span> <span class='ocrx_word' id='word_1_166' title='bbox 1477 2769 1599 2886; x_wconf 81' lang='lat' dir='ltr'>suspi-</span> <span class='ocrx_word' id='word_1_167' title='bbox 1716 2803 1721 2812; x_wconf 89' lang='lat'>·</span> 
     </span>
     <span class='ocr_line' id='line_1_23' title="bbox 170 2878 1597 3020; baseline -0.001 -49"><span class='ocrx_word' id='word_1_168' title='bbox 170 2878 179 2891; x_wconf 58' lang='lat'><em>⁶</em></span> <span class='ocrx_word' id='word_1_169' title='bbox 242 2899 398 2974; x_wconf 88' lang='lat' dir='ltr'>cionem</span> <span class='ocrx_word' id='word_1_170' title='bbox 419 2945 430 2979; x_wconf 88' lang='lat'>,</span> <span class='ocrx_word' id='word_1_171' title='bbox 455 2909 541 2968; x_wconf 91' lang='lat' dir='ltr'>tum</span> <span class='ocrx_word' id='word_1_172' title='bbox 563 2895 719 2995; x_wconf 84' lang='lat' dir='ltr'>propter</span> <span class='ocrx_word' id='word_1_173' title='bbox 732 2883 1064 2966; x_wconf 78' lang='lat' dir='ltr'>vocemTERP.</span> <span class='ocrx_word' id='word_1_174' title='bbox 1083 2908 1169 3020; x_wconf 77' lang='lat' dir='ltr'>pro</span> <span class='ocrx_word' id='word_1_175' title='bbox 1198 2884 1392 2972; x_wconf 84' lang='lat' dir='ltr'><strong>TERT.</strong></span> <span class='ocrx_word' id='word_1_176' title='bbox 1417 2890 1597 2994; x_wconf 85' lang='lat' dir='ltr'>positam,</span> 
     </span>
     <span class='ocr_line' id='line_1_24' title="bbox 243 2993 1599 3110; baseline -0.004 -22"><span class='ocrx_word' id='word_1_177' title='bbox 243 3027 329 3088; x_wconf 88' lang='lat' dir='ltr'>tum</span> <span class='ocrx_word' id='word_1_178' title='bbox 350 3005 501 3094; x_wconf 81' lang='lat' dir='ltr'>ratione</span> <span class='ocrx_word' id='word_1_179' title='bbox 526 2997 709 3110; x_wconf 87' lang='lat' dir='ltr'>ponderis</span> <span class='ocrx_word' id='word_1_180' title='bbox 729 2997 877 3107; x_wconf 85' lang='lat' dir='ltr'>insoliti</span> <span class='ocrx_word' id='word_1_181' title='bbox 899 3020 1024 3091; x_wconf 83' lang='lat' dir='ltr'>‚tum</span> <span class='ocrx_word' id='word_1_182' title='bbox 1045 2993 1155 3106; x_wconf 90' lang='lat' dir='ltr'>quod</span> <span class='ocrx_word' id='word_1_183' title='bbox 1175 2999 1426 3107; x_wconf 77' lang='lat' dir='ltr'>capricornus</span> <span class='ocrx_word' id='word_1_184' title='bbox 1442 2997 1599 3084; x_wconf 82' lang='lat' dir='ltr'>tantltm</span> 
     </span>
     <span class='ocr_line' id='line_1_25' title="bbox 244 3106 1598 3252; baseline -0.001 -53"><span class='ocrx_word' id='word_1_185' title='bbox 244 3120 415 3230; x_wconf 81' lang='lat' dir='ltr'>Augusti</span> <span class='ocrx_word' id='word_1_186' title='bbox 431 3138 611 3224; x_wconf 87' lang='lat' dir='ltr'>tempore</span> <span class='ocrx_word' id='word_1_187' title='bbox 635 3116 805 3252; x_wconf 60' lang='lat' dir='ltr'>nupsmis</span> <span class='ocrx_word' id='word_1_188' title='bbox 832 3112 1006 3224; x_wconf 88' lang='lat' dir='ltr'>imprimi</span> <span class='ocrx_word' id='word_1_189' title='bbox 1021 3113 1195 3235; x_wconf 86' lang='lat' dir='ltr'>coeperit</span> <span class='ocrx_word' id='word_1_190' title='bbox 1215 3169 1225 3205; x_wconf 90' lang='lat'>,</span> <span class='ocrx_word' id='word_1_191' title='bbox 1260 3135 1346 3192; x_wconf 90' lang='lat' dir='ltr'>tum</span> <span class='ocrx_word' id='word_1_192' title='bbox 1363 3106 1474 3222; x_wconf 75' lang='lat' dir='ltr'>quod</span> <span class='ocrx_word' id='word_1_193' title='bbox 1490 3113 1598 3197; x_wconf 82' lang='lat' dir='ltr'>haud</span> 
     </span>
     <span class='ocr_line' id='line_1_26' title="bbox 243 3223 1597 3338; baseline -0.001 -22"><span class='ocrx_word' id='word_1_194' title='bbox 243 3263 321 3316; x_wconf 90' lang='lat' dir='ltr'>una</span> <span class='ocrx_word' id='word_1_195' title='bbox 337 3232 563 3312; x_wconf 75' lang='lat' dir='ltr'>recentioris</span> <span class='ocrx_word' id='word_1_196' title='bbox 577 3241 717 3308; x_wconf 82' lang='lat' dir='ltr'>ntan’us</span> <span class='ocrx_word' id='word_1_197' title='bbox 735 3223 899 3338; x_wconf 83' lang='lat' dir='ltr'>vestigia</span> <span class='ocrx_word' id='word_1_198' title='bbox 911 3231 954 3306; x_wconf 90' lang='lat' dir='ltr'>in</span> <span class='ocrx_word' id='word_1_199' title='bbox 971 3253 1020 3304; x_wconf 93' lang='lat' dir='ltr'>eo</span> <span class='ocrx_word' id='word_1_200' title='bbox 1036 3223 1394 3338; x_wconf 83' lang='lat' dir='ltr'>deprehendantur.</span> <span class='ocrx_word' id='word_1_201' title='bbox 1447 3227 1597 3314; x_wconf 85' lang='lat' dir='ltr'>Potuis-</span> 
     </span>
     <span class='ocr_line' id='line_1_27' title="bbox 242 3339 1584 3458; baseline -0.001 -27"><span class='ocrx_word' id='word_1_202' title='bbox 242 3372 302 3431; x_wconf 90' lang='lat' dir='ltr'>set</span> <span class='ocrx_word' id='word_1_203' title='bbox 318 3351 477 3458; x_wconf 88' lang='lat' dir='ltr'>cippum</span> <span class='ocrx_word' id='word_1_204' title='bbox 491 3369 651 3454; x_wconf 90' lang='lat' dir='ltr'>qnoque</span> <span class='ocrx_word' id='word_1_205' title='bbox 663 3345 839 3422; x_wconf 85' lang='lat' dir='ltr'>incusare</span> <span class='ocrx_word' id='word_1_206' title='bbox 857 3340 1035 3452; x_wconf 83' lang='lat' dir='ltr'>procista</span> <span class='ocrx_word' id='word_1_207' title='bbox 1051 3339 1303 3450; x_wconf 81' lang='lat' dir='ltr'>suppositum·</span> <span class='ocrx_word' id='word_1_208' title='bbox 1583 3425 1584 3429; x_wconf 8' lang='lat' dir='ltr'>a</span> 
     </span>
     <span class='ocr_line' id='line_1_28' title="bbox 317 3451 1597 3568; baseline 0.002 -29"><span class='ocrx_word' id='word_1_209' title='bbox 317 3459 429 3567; x_wconf 81' lang='lat' dir='ltr'>Quid</span> <span class='ocrx_word' id='word_1_210' title='bbox 462 3480 502 3538; x_wconf 90' lang='lat' dir='ltr'>et</span> <span class='ocrx_word' id='word_1_211' title='bbox 526 3459 664 3568; x_wconf 90' lang='lat' dir='ltr'>quanti</span> <span class='ocrx_word' id='word_1_212' title='bbox 679 3451 798 3534; x_wconf 86' lang='lat' dir='ltr'>fuerit</span> <span class='ocrx_word' id='word_1_213' title='bbox 826 3453 945 3566; x_wconf 90' lang='lat' dir='ltr'>pretii</span> <span class='ocrx_word' id='word_1_214' title='bbox 960 3453 1218 3564; x_wconf 73' lang='lat' dir='ltr'>cistophorus</span> <span class='ocrx_word' id='word_1_215' title='bbox 1233 3485 1282 3536; x_wconf 90' lang='lat' dir='ltr'>ex</span> <span class='ocrx_word' id='word_1_216' title='bbox 1298 3457 1413 3537; x_wconf 83' lang='lat' dir='ltr'>Festo</span> <span class='ocrx_word' id='word_1_217' title='bbox 1425 3480 1597 3543; x_wconf 86' lang='lat' dir='ltr'>statuere</span> 
     </span>
     <span class='ocr_line' id='line_1_29' title="bbox 240 3557 1597 3681; baseline -0.006 -19"><span class='ocrx_word' id='word_1_218' title='bbox 240 3574 457 3662; x_wconf 85' lang='lat' dir='ltr'>tentabitur</span> <span class='ocrx_word' id='word_1_219' title='bbox 482 3594 627 3652; x_wconf 86' lang='lat' dir='ltr'>conatu</span> <span class='ocrx_word' id='word_1_220' title='bbox 655 3597 734 3650; x_wconf 90' lang='lat' dir='ltr'>non</span> <span class='ocrx_word' id='word_1_221' title='bbox 768 3567 1008 3680; x_wconf 88' lang='lat' dir='ltr'>profuturo,</span> <span class='ocrx_word' id='word_1_222' title='bbox 1038 3565 1173 3650; x_wconf 88' lang='lat' dir='ltr'>saltem</span> <span class='ocrx_word' id='word_1_223' title='bbox 1202 3598 1281 3662; x_wconf 83' lang='lat' dir='ltr'>non</span> <span class='ocrx_word' id='word_1_224' title='bbox 1302 3557 1597 3681; x_wconf 85' lang='lat' dir='ltr'>approbandoa</span> 
     </span>
     <span class='ocr_line' id='line_1_30' title="bbox 152 3679 1595 3797; baseline -0.003 -23"><span class='ocrx_word' id='word_1_225' title='bbox 152 3727 156 3734; x_wconf 91' lang='lat'>·</span> <span class='ocrx_word' id='word_1_226' title='bbox 245 3691 437 3790; x_wconf 86' lang='lat' dir='ltr'>Criticis,</span> <span class='ocrx_word' id='word_1_227' title='bbox 471 3687 596 3797; x_wconf 89' lang='lat' dir='ltr'>quiin</span> <span class='ocrx_word' id='word_1_228' title='bbox 617 3680 876 3765; x_wconf 88' lang='lat' dir='ltr'>emendandis</span> <span class='ocrx_word' id='word_1_229' title='bbox 892 3679 1220 3764; x_wconf 88' lang='lat' dir='ltr'>autoribusunius</span> <span class='ocrx_word' id='word_1_230' title='bbox 1234 3683 1423 3778; x_wconf 74' lang='lat' dir='ltr'>tantum,</span> <span class='ocrx_word' id='word_1_231' title='bbox 1454 3686 1595 3770; x_wconf 80' lang='lat' dir='ltr'>autal-</span> 
     </span>
     <span class='ocr_line' id='line_1_31' title="bbox 246 3797 1597 3911; baseline -0.004 -21"><span class='ocrx_word' id='word_1_232' title='bbox 246 3809 367 3890; x_wconf 88' lang='lat' dir='ltr'>terius</span> <span class='ocrx_word' id='word_1_233' title='bbox 399 3797 564 3880; x_wconf 84' lang='lat' dir='ltr'>voculae</span> <span class='ocrx_word' id='word_1_234' title='bbox 595 3801 916 3906; x_wconf 59' lang='lat' dir='ltr'>inmutationem</span> <span class='ocrx_word' id='word_1_235' title='bbox 941 3797 1171 3879; x_wconf 84' lang='lat' dir='ltr'>admittunt.</span> <span class='ocrx_word' id='word_1_236' title='bbox 1221 3801 1336 3880; x_wconf 75' lang='lat' dir='ltr'>Adeo</span> <span class='ocrx_word' id='word_1_237' title='bbox 1371 3797 1597 3911; x_wconf 82' lang='lat' dir='ltr'>perturbata</span> 
     </span>
     <span class='ocr_line' id='line_1_32' title="bbox 244 3907 1595 4021; baseline -0.004 -19"><span class='ocrx_word' id='word_1_238' title='bbox 244 3919 332 4011; x_wconf 90' lang='lat' dir='ltr'>sunt</span> <span class='ocrx_word' id='word_1_239' title='bbox 348 3916 481 4007; x_wconf 87' lang='lat' dir='ltr'>omnia</span> <span class='ocrx_word' id='word_1_240' title='bbox 495 3917 536 3993; x_wconf 91' lang='lat' dir='ltr'>in</span> <span class='ocrx_word' id='word_1_241' title='bbox 556 3941 606 3994; x_wconf 88' lang='lat' dir='ltr'>eo</span> <span class='ocrx_word' id='word_1_242' title='bbox 623 3917 726 3995; x_wconf 82' lang='lat' dir='ltr'>Festi</span> <span class='ocrx_word' id='word_1_243' title='bbox 741 3907 855 4000; x_wconf 89' lang='lat' dir='ltr'>loco,</span> <span class='ocrx_word' id='word_1_244' title='bbox 885 3936 930 3994; x_wconf 87' lang='lat' dir='ltr'>ut</span> <span class='ocrx_word' id='word_1_245' title='bbox 954 3910 1253 4021; x_wconf 73' lang='lat' dir='ltr'>ejus-restitutio</span> <span class='ocrx_word' id='word_1_246' title='bbox 1270 3911 1425 4020; x_wconf 75' lang='lat' dir='ltr'>penitus</span> <span class='ocrx_word' id='word_1_247' title='bbox 1441 3913 1595 4012; x_wconf 74' lang='lat' dir='ltr'>conclu.</span> 
     </span>
     <span class='ocr_line' id='line_1_33' title="bbox 248 4023 1596 4136; baseline -0.008 -20"><span class='ocrx_word' id='word_1_248' title='bbox 248 4055 355 4120; x_wconf 85' lang='lat' dir='ltr'>mata</span> <span class='ocrx_word' id='word_1_249' title='bbox 380 4028 436 4110; x_wconf 86' lang='lat' dir='ltr'>srt.</span> <span class='ocrx_word' id='word_1_250' title='bbox 486 4028 541 4106; x_wconf 81' lang='lat' dir='ltr'>Ex</span> <span class='ocrx_word' id='word_1_251' title='bbox 567 4049 716 4110; x_wconf 89' lang='lat' dir='ltr'>attenta</span> <span class='ocrx_word' id='word_1_252' title='bbox 745 4026 1037 4136; x_wconf 81' lang='lat' dir='ltr'>comparatione</span> <span class='ocrx_word' id='word_1_253' title='bbox 1064 4029 1302 4108; x_wconf 86' lang='lat' dir='ltr'>talentorum</span> <span class='ocrx_word' id='word_1_254' title='bbox 1331 4023 1596 4131; x_wconf 53' lang='lat' dir='ltr'>Euboieopuu</span> 
     </span>
     <span class='ocr_line' id='line_1_34' title="bbox 246 4138 1598 4244; baseline -0.016 -10"><span class='ocrx_word' id='word_1_255' title='bbox 246 4173 286 4234; x_wconf 88' lang='lat' dir='ltr'>et</span> <span class='ocrx_word' id='word_1_256' title='bbox 307 4148 528 4230; x_wconf 85' lang='lat' dir='ltr'>Atticorum</span> <span class='ocrx_word' id='word_1_257' title='bbox 554 4170 644 4222; x_wconf 87' lang='lat' dir='ltr'>cnm</span> <span class='ocrx_word' id='word_1_258' title='bbox 677 4138 938 4244; x_wconf 87' lang='lat' dir='ltr'>Babylonico,</span> <span class='ocrx_word' id='word_1_259' title='bbox 967 4141 1091 4222; x_wconf 85' lang='lat' dir='ltr'>Attici</span> <span class='ocrx_word' id='word_1_260' title='bbox 1119 4167 1210 4220; x_wconf 86' lang='lat' dir='ltr'>curn</span> <span class='ocrx_word' id='word_1_261' title='bbox 1231 4145 1440 4242; x_wconf 84' lang='lat' dir='ltr'>Romano,</span> <span class='ocrx_word' id='word_1_262' title='bbox 1468 4141 1598 4226; x_wconf 74' lang='lat' dir='ltr'>Cistot</span> 
     </span>
     <span class='ocr_line' id='line_1_35' title="bbox 247 4251 1596 4379; baseline -0.001 -37"><span class='ocrx_word' id='word_1_263' title='bbox 247 4255 420 4379; x_wconf 78' lang='lat' dir='ltr'>phorlnn</span> <span class='ocrx_word' id='word_1_264' title='bbox 452 4283 544 4336; x_wconf 86' lang='lat' dir='ltr'>cum</span> <span class='ocrx_word' id='word_1_265' title='bbox 566 4257 750 4338; x_wconf 83' lang='lat' dir='ltr'>Denariis</span> <span class='ocrx_word' id='word_1_266' title='bbox 763 4257 952 4340; x_wconf 85' lang='lat' dir='ltr'>Romanis</span> <span class='ocrx_word' id='word_1_267' title='bbox 964 4253 1097 4342; x_wconf 87' lang='lat' dir='ltr'>videre</span> <span class='ocrx_word' id='word_1_268' title='bbox 1122 4253 1194 4338; x_wconf 82' lang='lat' dir='ltr'>visi</span> <span class='ocrx_word' id='word_1_269' title='bbox 1209 4251 1340 4338; x_wconf 80' lang='lat' dir='ltr'>snmus·</span> <span class='ocrx_word' id='word_1_270' title='bbox 1359 4253 1460 4352; x_wconf 88' lang='lat' dir='ltr'>Festi</span> <span class='ocrx_word' id='word_1_271' title='bbox 1486 4285 1596 4342; x_wconf 80' lang='lat' dir='ltr'>rnen</span> 
     </span>
    </p>
   </div>
   <div class='ocr_carea' id='block_1_3' title="bbox 367 4487 894 4594">
    <p class='ocr_par' dir='ltr' id='par_1_3' title="bbox 367 4487 894 4594">
     <span class='ocr_line' id='line_1_36' title="bbox 367 4487 894 4594; baseline 0.025 -28"><span class='ocrx_word' id='word_1_272' title='bbox 367 4510 415 4594; x_wconf 67' lang='lat' dir='ltr'>(a)</span> <span class='ocrx_word' id='word_1_273' title='bbox 433 4505 518 4578; x_wconf 75' lang='lat' dir='ltr'>Thes.</span> <span class='ocrx_word' id='word_1_274' title='bbox 528 4508 645 4572; x_wconf 66' lang='lat' dir='ltr'>temone</span> <span class='ocrx_word' id='word_1_275' title='bbox 658 4528 722 4592; x_wconf 76' lang='lat' dir='ltr'>pag.</span> <span class='ocrx_word' id='word_1_276' title='bbox 736 4530 807 4588; x_wconf 56' lang='lat' dir='ltr'>atur</span> <span class='ocrx_word' id='word_1_277' title='bbox 889 4487 894 4504; x_wconf 20' lang='grc' dir='ltr'><strong>ἢ</strong></span> 
     </span>
    </p>
   </div>
   <div class='ocr_carea' id='block_1_4' title="bbox 0 0 2110 5496">
    <p class='ocr_par' dir='ltr' id='par_1_4' title="bbox 0 0 2110 5496">
     <span class='ocr_line' id='line_1_37' title="bbox 0 0 2110 5496; baseline 0 0"><span class='ocrx_word' id='word_1_278' title='bbox 0 0 2110 5496; x_wconf 95' lang='lat' dir='ltr'> </span> 
     </span>
    </p>
   </div>
  </div>
 </body>
</html>
