4212 5496
513 341 698 524 dtilrdtini
714 430 789 537 [a]
808 467 816 511 ε
845 433 1084 544 Dionysium
1103 425 1349 524 Maenolen,
1371 433 1427 513 ait
1443 427 1539 518 ille,
1568 425 1714 539 Orgiis
1731 419 1889 520 Bacchi

515 548 738 639 celebrant,
763 545 972 630 crudarum
986 539 1402 628 carnium'esusacr'am
1420 555 1654 659 peragentes
1667 545 1888 651 insaniam,

491 693 558 767 „et
572 693 785 756 caesarum,
798 665 976 746 carnium
995 659 1257 762 divulsionem
1274 682 1474 774 peragunt
1491 661 1669 743 coronati
1682 654 1886 771 serpenti-

517 783 615 878 bus,
636 785 761 871 Evam
777 773 973 861 ululantes
988 835 999 872 ,
1016 778 1138 860 Evam
1151 770 1261 858 illam
1272 801 1339 888 prr
1357 771 1479 889 quam
1493 802 1600 858 error
1615 795 1674 856 est
1687 798 1887 881 consecu-

517 923 596 996 tus,
616 899 635 910 “’
648 902 696 980 Et
714 892 867 1006 signum
894 889 1174 983 Bacchicorum
1193 893 1469 1004 mysteriorum
1482 914 1545 980 ¹est
1561 887 1713 1001 serpens
1728 913 1889 1003 myste-

523 1018 590 1106 riis
613 1006 808 1095 initiatus.
831 1012 938 1112 -Jam
966 1000 1063 1099 verb
1083 1005 1112 1088 ti
1136 999 1317 1100 accurati
1340 1001 1537 1120 spectetur
1551 1032 1629 1086 vox
1644 1001 1844 1116 Hebraico
1862 1055 1889 1098 ,

521 1155 672 1219 nomen
690 1126 794 1208 Evae
816 1128 1030 1237 aspiratum
1057 1127 1271 1232 exponitur
1290 1117 1444 1234 serpens
1461 1117 1625 1208 femina.
1646 1121 1782 1204 ›Haec
1794 1117 1886 1232 ille.

497 1231 500 1238 Δ
521 1244 625 1328 Fieri
638 1262 770 1354 potest
785 1265 831 1330 ut
845 1237 939 1322 inde
958 1231 1127 1328 fortassis
1136 1237 1400 1338 evare'Latini
1418 1293 1430 1333 ,
1445 1257 1487 1318 et
1505 1231 1628 1348 ὲυάζειν
1639 1235 1786 1318 Graeci
1801 1233 1890 1316 fin-

521 1357 664 1439 xerint.
700 1358 758 1435 lta
781 1350 873 1437 sane
888 1351 1039 1434 factum
1055 1375 1189 1432 tamen
1208 1407 1220 1446 ,
1238 1371 1295 1436 ,ut
1315 1352 1384 1464 qui
1406 1349 1456 1432 ad
1473 1347 1786 1461 pessundandum
1801 1375 1887 1463 ge-

522 1499 596 1564 nus
622 1466 840 1550 humanum
856 1461 1230 1579 serpentisformam
1248 1465 1461 1548 ementitus
1479 1463 1607 1560 fuerat
1626 1526 1637 1562 ,
1663 1463 1885 1580 pessunda-

515 1608 582 1680 tos
596 1585 674 1693 jam
691 1582 741 1664 ad
756 1581 814 1668 sui
829 1579 979 1664 cultum
998 1584 1248 1665 accersiverit
1272 1579 1457 1664 homines
1483 1577 1559 1664 hac
1580 1579 1721 1668 eadem
1744 1577 1883 1664 formai

494 1699 499 1714 ”
513 1697 756 1790 ,concitando
775 1697 902 1812 odio,
931 1692 1051 1810 quim
1077 1695 1351 1782 conciliandae
1370 1702 1618 1808 reverentiae
1643 1724 1880 1780 accommo-

519 1809 769 1906 datium]
920 1835 924 1852 ‘
1056 1810 1240 1820 ””
1462 1807 1536 1816 ”

588 1918 861 2038 Serpentiferis
889 1927 1060 2008 nummis
1081 1923 1336 2038 fignificatam
1361 1921 1595 2036 populorum
1613 1924 1882 2014 in==Bacchum

520 2045 710 2156 pietatem
734 2036 802 2132 alii
833 2040 1156 2152 interpretantur.
1189 2129 1191 2133 ,
1208 2046 1344 2134 Sacros
1378 2037 1521 2121 Libero
1549 2043 1655 2147 Patri
1682 2038 1883 2156 serpentes

517 2153 638 2239 xfuisse
657 2153 857 2246 diximus-5
886 2180 927 2238 at
945 2159 1115 2238 nonuni
1134 2153 1318 2250 Baccho,
1348 2153 1678 2269 quandoquidem
1696 2179 1738 2238 et
1758 2164 1849 2268 Jovi
1868 2216 1882 2255 ,

520 2269 636 2386 Soli,
668 2267 887 2377 Neptuno,
921 2267 1095 2383 Apollini
1116 2326 1127 2364 ,
1147 2267 1327 2381 Cybele,
1348 2271 1524 2382 lunoni,
1549 2273 1782 2360 Minervae,
1803 2272 1884 2354 Ce-

519 2389 628 2479 reri,
653 2383 941 2494 Proserpinae,
970 2385 1198 2474 Mercurio,
1226 2380 1415 2480 Plutoni,
1450 2383 1685 2497 Aesculapio
1716 2413 1881 2498 quoque

519 2523 765 2582 communes.
820 2496 924 2607 Ergo
940 2493 1104 2580 ulterilrs
1121 2495 1457 2610 progrediendum
1469 2521 1530 2582 est
1550 2557 1561 2593 ‚
1593 2521 1635 2582 et
1652 2526 1703 2580 ex-
1718 2499 1882 2612 Mycho-

520 2611 651 2725 logiae
683 2609 833 2704 arcanis
851 2609 1119 2728 evincendum
1143 2615 1259 2696 unius
1274 2608 1417 2697 Bacchi
1434 2617 1645 2732 proprium⁴
1664 2605 1781 2718 fuisse
1795 2609 1877 2726 ser·

519 2750 696 2844 pentem.
748 2815 751 2822 Δ
1209 2751 1212 2758 “
1413 2747 1419 2764 ⁴
1490 2747 1492 2752 ’
1801 2755 1805 2764 =

1118 3181 1265 3302 Η.
1347 3111 1352 3118 ’

481 3421 505 3478 '-
576 3407 671 3490 ⁴Nec
695 3404 888 3491 affirmare
909 3406 1090 3492 dubitem
1103 3403 1238 3490 multis
1251 3409 1796 3526 veterumTheologiaesuae
1815 3445 1881 3504 rc·

524 3520 651 3616 cessus
662 3526 826 3626 ‚intimos
848 3522 997 3607 edoctis
1013 3548 1238 3640 persuasam
1255 3523 1373 3610 fuisse
1389 3528 1471 3610 Dei
1489 3531 1604 3611 unius
1618 3553 1658 3612 et
1676 3527 1793 3613 solius
1807 3559 1882 3616 na-

526 3661 656 3722 turam
673 3636 981 3742 ,modificatam
999 3661 1137 3730 ¹tamen
1157 3663 1180 3717 a
1199 3639 1287 3720 rudi
1309 3639 1433 3754 vulgo
1449 3641 1670 3733 divinitatis
1687 3643 1882 3731 attributa

523 3749 694 3836 totidem
708 3755 749 3832 in
764 3753 873 3832 Deos
887 3755 1094 3861 erigente:
1125 3755 1286 3858 jovem,
1319 3756 1564 3857 Mercurium
1584 3814 1596 3852 ,
1626 3753 1880 3869 Apollinem,

522 3866 731 3968 Plutonem
755 3922 767 3960 ,
798 3866 1034 3975 Neptunum
1053 3921 1064 3971 2
1093 3863 1299 3960 Dianam,
1326 3873 1515 3968 Cererem
1530 3877 1607 3954 &c
1626 3877 1776 3954 variam
1795 3871 1880 3960 esse

505 3981 645 4084 „unius
670 4006 789 4093 atque
806 3979 1177 4088 ejusdemnuminis
1194 3980 1499 4094 appellationem
1517 3979 1584 4089 [b]
1602 4043 1613 4078 ,
1638 4013 1666 4070 a
1681 3984 1880 4100 multipli-

527 4092 638 4177 cibus
658 4099 852 4206 variisque
873 4096 956 4204 ejus
981 4087 1216 4188 effectibus,
1245 4120 1287 4178 et
1304 4099 1346 4177 in
1362 4095 1544 4178 homines
1563 4096 1763 4182 beneficiis
1775 4106 1881 4213 peti-

524 4231 640 4301 tam,
672 4231 792 4322 atque
820 4206 871 4289 ad
894 4231 1017 4302 unum
1043 4229 1084 4288 ct
1115 4205 1438 4317 simplicissimum
1464 4237 1614 4294 numen
1640 4217 1761 4297 totius
1784 4217 1881 4304 boni

526 4319 681 4425 fontem
705 4319 956 4406 referendam
979 4356 996 4420 :p
1019 4316 1291 4430 majestatem,
1327 4326 1548 4435 potentiam
1572 4383 1585 4420 ,
1618 4323 1876 4428 felicitatem,

590 4520 664 4654 »m
679 4574 713 4636 ln
725 4575 859 4657 Protrept.
900 4579 905 4590 '
938 4519 1109 4654 [bilsen.
1126 4573 1159 4636 in
1169 4577 1286 4641 Zenone
1306 4575 1366 4639 tib.
1379 4521 1442 4648 vlt.
1456 4578 1573 4656 Plutats·
1588 4577 1624 4645 de
1634 4585 1719 4646 torn.
1730 4585 1832 4671 Delplr.
