4212 5496
528 356 664 489 1147·
824 367 924 462 nn
997 313 1575 468 crsro'urionrs.

517 509 661 620 jusque
680 497 850 586 Euboici
869 499 1031 612 hujusce
1060 497 1197 584 talenti
1217 503 1318 612 ratio
1333 501 1579 616 congruebat
1595 527 1686 584 cum
1701 506 1887 618 octogin-

523 648 565 705 ta
595 618 784 703 Romanis
818 612 935 698 libris,
987 618 1061 697 Sex
1081 639 1213 696 aorem
1245 612 1355 728 sopra
1380 623 1596 729 nonaginta
1623 616 1886 701 denariorum

481 837 483 848 Ι
526 757 611 844 erat
637 731 736 815 libra
757 733 969 814 Romana:
1004 733 1207 839 octoginta
1224 733 1347 843 igitur
1372 726 1525 828 librae,
1556 729 1887 818 illaereddebant

526 848 675 962 septem
695 845 818 929 millia
834 841 1035 928 sexcentos
1059 848 1263 955 octoginta
1278 843 1474 929 denarios.

593 961 671 1048 Sed
692 960 755 1044 vel
773 954 968 1056 admisse,
996 959 1048 1042 de
1068 987 1145 1073 qua
1166 956 1303 1072 priris,
1329 943 1429 1042 fam
1443 959 1708 1074 suppositione
1727 967 1817 1060 ‚vix
1833 989 1884 1046 ac

526 1109 579 1164 ne
603 1081 671 1161 vix
695 1078 882 1190 cuiquam
913 1101 1140 1189 persuasum
1157 1079 1232 1154 erit
1248 1100 1336 1156 eam
1352 1079 1455 1158 Festi
1474 1073 1590 1158 fuisse
1608 1103 1808 1172 mentem,
1834 1101 1883 1160 ut

527 1188 741 1278 secundltm
760 1190 864 1274 hanc
881 1187 1020 1272 talenti
1040 1187 1207 1274 Euboici
1227 1192 1422 1272 rationem
1444 1247 1455 1283 ,
1483 1190 1772 1300 Cistophortlm
1786 1222 1882 1276 eum

525 1309 711 1392 Denariis
735 1308 1036 1388 contentionem
1057 1301 1219 1388 faceret.
1273 1307 1468 1416 Qmmvis
1484 1309 1589 1386 enisu
1608 1307 1887 1390 Budaeocon·¹

527 1423 765 1518 cederetur,
787 1415 1092 1504 reclamantibus
1112 1412 1258 1498 merirb
1275 1416 1368 1499 licet
1382 1415 1614 1502 doctissimis
1630 1417 1770 1531 passim
1797 1449 1885 1502 om·

528 1538 644 1620 nibus
664 1594 677 1633 ,
696 1541 950 1647 antiquorum
975 1531 1121 1645 duplex
1138 1529 1253 1613 fuisse
1276 1530 1497 1627 talentum,
1516 1561 1705 1647 magnum
1727 1559 1770 1618 et
1792 1531 1885 1649 par·

526 1681 624 1736 vum
646 1710 657 1746 ,
689 1646 947 1764 improbabile
960 1653 1045 1731 insu
1068 1676 1116 1750 er
1134 1643 1383 1760 probandum
1403 1645 1508 1730 soret
1532 1707 1543 1743 ,
1571 1651 1622 1732 de
1639 1678 1786 1764 magno
1803 1657 1885 1736 Eu-

527 1765 648 1850 boico
663 1764 814 1860 talento
830 1766 988 1847 Festum
1007 1677 1089 1868 esde
1107 1760 1367 1847 audiendum.‘
1409 1765 1683 1878 Praeterquam
1701 1760 1811 1881 qudd
1836 1766 1882 1848 id

526 1907 651 1994 genus
678 1876 847 1976 talenti,
865 1856 902 1959 'sr
927 1901 1067 1961 tamen
1096 1876 1309 1988 aliquando
1326 1877 1505 1959 extiterit
1526 1908 1547 1971 ‚·
1567 1879 1739 1966 insolens
1759 1908 1888 1994 prope
1929 1941 1933 1948 -

529 1995 635 2092 fuit,
655 2017 696 2076 et
718 2007 812 2076 raro'
832 1995 877 2074 in
896 2019 968 2074 usu
986 1995 1187 2106 positum,
1213 1989 1311 2072 illud
1328 2021 1377 2073 ue
1393 1991 1511 2074 semel
1525 1995 1688 2104 quidem
1703 1998 1745 2076 in
1768 2018 1880 2075 vete·
1968 1982 1981 2009 '

529 2139 649 2200 rom,
683 2105 748 2190 vel
763 2110 884 2222 ipsius
900 2111 970 2221 qui
985 2109 1132 2191 invitus
1146 2103 1370 2188 obtruditur
1387 2103 1514 2214 Plauti
1539 2105 1687 2222 scriptis
1704 2104 1885 2222 expresse

528 2220 770 2338 appellatum
799 2227 980 2334 reperias.
1037 2221 1154 2304 Adde
1181 2221 1289 2334 quod
1305 2219 1570 2332 Cistophorus
1607 2223 1798 2336 (qualem
1823 2222 1883 2305 illi

573 2361 756 2452 ppouunt
774 2394 786 2433 ,
812 2340 1010 2420 minutum
1027 2331 1172 2418 scilicet
1189 2344 1424 2438 nummum)
1458 2336 1582 2446 major
1604 2361 1699 2422 tunc
1716 2338 1887 2422 denario

547 2476 660 2542 oret,
683 2449 777 2534 clam
797 2447 1085 2564 aequipolleret
1100 2451 1263 2535 denario
1283 2509 1294 2545 ,
1322 2473 1365 2532 ct
1382 2459 1453 2548 rb·-
1475 2493 1479 2502 ·
1498 2456 1755 2534 Contrarium
1772 2459 1884 2534 evin-

529 2591 626 2652 cunt
652 2565 716 2649 vel
741 2571 755 2647 i
786 2571 815 2648 si
831 2565 1072 2678 Cistophori.
1117 2571 1280 2650 Veteres
1305 2561 1399 2646 licet
1423 2563 1547 2648 nimid
1562 2596 1642 2648 uon
1659 2565 1887 2650 laborarent

526 2680 733 2768 sedulitate
756 2596 996 2794 llbripeudes
1014 2683 1057 2762 in
1087 2676 1318 2792 assignando
1339 2676 1475 2761 debito
1504 2681 1677 2792 pondere
1695 2707 1885 2766 monetae

522 2795 737 2880 'serinudae
759 2854 771 2891 ,
796 2820 840 2876 ut
854 2825 934 2876 non
951 2793 1005 2876 ita
1021 2795 1174 2908 pridem
1197 2798 1315 2874 moris
1329 2797 1450 2874 etiam
1477 2821 1568 2879 erat.
1587 2799 1629 2877 in
1655 2799 1882 2909 Hispania,

528 2910 815 3025 Cistophorum
841 2933 974 2993 tamen
991 2901 1174 2991 omnibus
1186 2910 1355 3021 pensatis
1368 2907 1531 2992 denario
1560 2912 1580 3003 (
1589 2908 1803 3007 dicendrmr
1819 2911 1885 2994 fo-

527 3023 975 3139 retquatuordeuariis)
1007 3020 1157 3137 semper
1169 3022 1358 3120 leviorem
1375 3023 1736 3109 animadvertimus.
1781 3025 1889 3109 Nul-

526 3139 558 3223 li
579 3200 589 3235 ,
613 3163 654 3222 et
681 3139 902 3220 meminisse
918 3139 1032 3248 juvet
1051 3196 1063 3229 ,
1095 3133 1307 3218 drachmae
1321 3139 1446 3218 nnius
1463 3137 1622 3249 pondo,
1644 3140 1708 3222 vel
1723 3146 1792 3255 qui
1811 3171 1882 3224 ac-

528 3253 672 3336 cedant
695 3252 746 3333 ad
764 3251 995 3333 drachmam
1021 3251 1252 3363 Cistophori
1276 3254 1534 3361 reperiuntur.
1579 3253 1730 3338 Omnes
1752 3281 1793 3338 et
1808 3255 1882 3340 sirr-

528 3367 611 3482 guli
629 3363 716 3450 sunt
731 3364 1019 3448 tetradrachrna
1032 3401 1051 3460 ς
1083 3365 1179 3448 alios
1196 3368 1346 3476 uspiam
1363 3360 1462 3446 visos
1476 3363 1556 3448 esse
1570 3395 1774 3480 negamus.
1809 3371 1885 3452 Be-

529 3513 581 3566 ne
615 3480 759 3566 multos
786 3477 956 3564 aurificis
984 3477 1127 3590 staterd
1156 3482 1404 3561 examinatos
1417 3479 1665 3593 probavimus
1683 3474 1884 3570 ilios'csse

378 3568 386 3581 ι
429 3647 442 3686 ,·
530 3597 794 3710 pondoatp,
820 3595 1013 3700 alios233
1040 3653 1051 3688 ,
1081 3591 1658 3728 alios‘235,all0s238‚palios
1686 3628 1883 3712 24r.gra-

528 3739 685 3792 norum.
736 3710 928 3790 Gentium
947 3733 1110 3801 autem,
1139 3737 1235 3822 quas
1250 3731 1398 3825 vocaqt
1425 3711 1694 3800 Romanarum
1723 3713 1882 3802 denarii

529 3821 668 3907 erldem
694 3817 902 3936 diligentis
926 3827 1087 3934 appensi
1106 3822 1252 3906 dabant
1269 3819 1337 3904 alii
1359 3849 1582 3934 grana·70‚
1608 3824 1675 3909 alii
1697 3862 1781 3936 72,
1808 3831 1878 3914 alii

531 3969 579 4053 75
603 3999 615 4035 ,
646 3935 714 4022 alii
730 3951 792 4048 78.
836 3936 871 4017 Si
890 3933 1121 4019 alterutrum
1146 3935 1322 4019 exbisce
1343 3946 1519 4022 numeris
1531 3964 1670 4053 quater
1687 3941 1878 4059 multipli-

529 4081 628 4140 ces,
658 4057 821 4133 istorum
852 4066 1065 4162 granorum
1097 4049 1246 4136 summa
1277 4051 1402 4159 major
1434 4061 1509 4136 erit
1535 4051 1656 4166 quim
1686 4055 1877 4156 illorum,

527 4167 706 4278 adeoque
723 4163 984 4276 Cistophorus
1010 4162 1134 4252 levior
1160 4173 1235 4250 erit
1255 4163 1449 4262 denario,
1488 4192 1529 4250 er
1552 4194 1598 4248 nt
1620 4169 1671 4250 ad
1693 4168 1878 4258 amussim

526 4277 646 4361 verba
663 4307 967 4391 componamus,
1001 4297 1172 4389 quatuor
1184 4281 1353 4364 denariis
1369 4277 1492 4367 levior
1509 4285 1585 4366 erit
1604 4345 1620 4382 ι
1642 4289 1711 4396 qui
1727 4281 1881 4402 semper

531 4391 966 4491 tetradrachmumest,
989 4395 1262 4508 Cistophorus.
1597 4423 1600 4432 ⁴

586 4505 942 4598 Tetradrachmum
964 4509 1137 4595 diximus
1164 4506 1449 4626 Cistophorum
1472 4507 1714 4623 experientis
1738 4511 1886 4616 ducti,
