<?xml version="1.0" encoding="UTF-8"?>
<!DOCTYPE html PUBLIC "-//W3C//DTD XHTML 1.0 Transitional//EN"
    "http://www.w3.org/TR/xhtml1/DTD/xhtml1-transitional.dtd">
<html xmlns="http://www.w3.org/1999/xhtml" xml:lang="en" lang="en">
 <head>
  <title>
</title>
<meta http-equiv="Content-Type" content="text/html;charset=utf-8" />
  <meta name='ocr-system' content='tesseract 3.04.00' />
  <meta name='ocr-capabilities' content='ocr_page ocr_carea ocr_par ocr_line ocrx_word'/>
</head>
<body>
  <div class='ocr_page' id='page_1' title='image "alexandrixavier00panegoog_0105.png"; bbox 0 0 4212 5496; ppageno 0'>
   <div class='ocr_carea' id='block_1_1' title="bbox 509 327 1929 1393">
    <p class='ocr_par' dir='ltr' id='par_1_1' title="bbox 518 327 1599 450">
     <span class='ocr_line' id='line_1_1' title="bbox 518 327 1599 450; baseline 0.003 -27"><span class='ocrx_word' id='word_1_1' title='bbox 518 343 602 450; x_wconf 77' lang='lat'>98.</span> <span class='ocrx_word' id='word_1_2' title='bbox 820 327 1599 436; x_wconf 66' lang='lat' dir='ltr'><strong>DECISTOPHORH..</strong></span> 
     </span>
    </p>

    <p class='ocr_par' dir='ltr' id='par_1_2' title="bbox 509 462 1929 1393">
     <span class='ocr_line' id='line_1_2' title="bbox 509 462 1885 586; baseline 0.004 -34"><span class='ocrx_word' id='word_1_3' title='bbox 509 489 533 552; x_wconf 80' lang='lat' dir='ltr'>a</span> <span class='ocrx_word' id='word_1_4' title='bbox 564 495 615 552; x_wconf 83' lang='lat' dir='ltr'>ua</span> <span class='ocrx_word' id='word_1_5' title='bbox 629 471 668 550; x_wconf 91' lang='lat' dir='ltr'>in</span> <span class='ocrx_word' id='word_1_6' title='bbox 684 462 902 562; x_wconf 55' lang='lat' dir='ltr'>dicendum</span> <span class='ocrx_word' id='word_1_7' title='bbox 917 463 967 552; x_wconf 88' lang='lat' dir='ltr'>ad</span> <span class='ocrx_word' id='word_1_8' title='bbox 981 468 1111 553; x_wconf 86' lang='lat' dir='ltr'>natale</span> <span class='ocrx_word' id='word_1_9' title='bbox 1126 477 1294 584; x_wconf 76' lang='lat' dir='ltr'>August-i</span> <span class='ocrx_word' id='word_1_10' title='bbox 1305 471 1461 584; x_wconf 72' lang='lat' dir='ltr'>signum</span> <span class='ocrx_word' id='word_1_11' title='bbox 1467 465 1688 583; x_wconf 83' lang='lat' dir='ltr'>confugias.</span> <span class='ocrx_word' id='word_1_12' title='bbox 1712 471 1885 586; x_wconf 80' lang='lat' dir='ltr'>Ergone</span> 
     </span>
     <span class='ocr_line' id='line_1_3' title="bbox 509 579 1884 703; baseline 0 -33"><span class='ocrx_word' id='word_1_13' title='bbox 509 582 551 670; x_wconf 80' lang='lat' dir='ltr'>fit</span> <span class='ocrx_word' id='word_1_14' title='bbox 605 585 838 696; x_wconf 75' lang='lat' dir='ltr'>capricorno</span> <span class='ocrx_word' id='word_1_15' title='bbox 867 579 1004 694; x_wconf 86' lang='lat' dir='ltr'>sydere</span> <span class='ocrx_word' id='word_1_16' title='bbox 1035 588 1117 668; x_wconf 88' lang='lat' dir='ltr'>nati</span> <span class='ocrx_word' id='word_1_17' title='bbox 1139 582 1229 670; x_wconf 85' lang='lat' dir='ltr'>sunt</span> <span class='ocrx_word' id='word_1_18' title='bbox 1252 586 1430 700; x_wconf 79' lang='lat' dir='ltr'>plerique</span> <span class='ocrx_word' id='word_1_19' title='bbox 1450 615 1590 671; x_wconf 87' lang='lat' dir='ltr'>omnes</span> <span class='ocrx_word' id='word_1_20' title='bbox 1615 591 1884 703; x_wconf 80' lang='lat' dir='ltr'>imperatores</span> 
     </span>
     <span class='ocr_line' id='line_1_4' title="bbox 511 691 1878 813; baseline 0.002 -29"><span class='ocrx_word' id='word_1_21' title='bbox 511 703 718 796; x_wconf 79' lang='lat' dir='ltr'>Romani,</span> <span class='ocrx_word' id='word_1_22' title='bbox 740 721 812 810; x_wconf 85' lang='lat' dir='ltr'>aut</span> <span class='ocrx_word' id='word_1_23' title='bbox 829 691 878 782; x_wconf 86' lang='lat' dir='ltr'>ab</span> <span class='ocrx_word' id='word_1_24' title='bbox 897 697 1080 813; x_wconf 80' lang='lat' dir='ltr'>Augusto</span> <span class='ocrx_word' id='word_1_25' title='bbox 1093 699 1252 785; x_wconf 86' lang='lat' dir='ltr'>oriundi</span> <span class='ocrx_word' id='word_1_26' title='bbox 1273 727 1285 787; x_wconf 76' lang='lat' dir='ltr'>t</span> <span class='ocrx_word' id='word_1_27' title='bbox 1324 703 1571 790; x_wconf 79' lang='lat' dir='ltr'>Alterutrum</span> <span class='ocrx_word' id='word_1_28' title='bbox 1594 702 1744 786; x_wconf 83' lang='lat' dir='ltr'>dixeris</span> <span class='ocrx_word' id='word_1_29' title='bbox 1765 764 1776 801; x_wconf 91' lang='lat'>,</span> <span class='ocrx_word' id='word_1_30' title='bbox 1806 709 1878 787; x_wconf 83' lang='lat' dir='ltr'>vei</span> 
     </span>
     <span class='ocr_line' id='line_1_5' title="bbox 511 814 1884 932; baseline 0.001 -32"><span class='ocrx_word' id='word_1_31' title='bbox 511 822 615 930; x_wconf 88' lang='lat' dir='ltr'>ipsos</span> <span class='ocrx_word' id='word_1_32' title='bbox 633 831 764 914; x_wconf 75' lang='lat' dir='ltr'>rerunt</span> <span class='ocrx_word' id='word_1_33' title='bbox 793 817 1064 900; x_wconf 76' lang='lat' dir='ltr'>Romanorum</span> <span class='ocrx_word' id='word_1_34' title='bbox 1092 814 1380 915; x_wconf 72' lang='lat' dir='ltr'>sarcinatores,</span> <span class='ocrx_word' id='word_1_35' title='bbox 1411 844 1513 932; x_wconf 85' lang='lat' dir='ltr'>quos</span> <span class='ocrx_word' id='word_1_36' title='bbox 1541 815 1647 902; x_wconf 68' lang='lat' dir='ltr'>forte</span> <span class='ocrx_word' id='word_1_37' title='bbox 1680 816 1884 929; x_wconf 79' lang='lat' dir='ltr'>objeceris</span> 
     </span>
     <span class='ocr_line' id='line_1_6' title="bbox 512 926 1877 1047; baseline 0.007 -33"><span class='ocrx_word' id='word_1_38' title='bbox 512 931 644 1036; x_wconf 83' lang='lat' dir='ltr'>mihi,</span> <span class='ocrx_word' id='word_1_39' title='bbox 671 926 744 1012; x_wconf 82' lang='lat' dir='ltr'>ribi</span> <span class='ocrx_word' id='word_1_40' title='bbox 777 929 1021 1014; x_wconf 73' lang='lat' dir='ltr'>adversarius</span> <span class='ocrx_word' id='word_1_41' title='bbox 1048 927 1239 1016; x_wconf 82' lang='lat' dir='ltr'>nacturus</span> <span class='ocrx_word' id='word_1_42' title='bbox 1255 959 1310 1018; x_wconf 84' lang='lat' dir='ltr'>er.</span> <span class='ocrx_word' id='word_1_43' title='bbox 1347 935 1386 1018; x_wconf 85' lang='lat' dir='ltr'>Si</span> <span class='ocrx_word' id='word_1_44' title='bbox 1408 946 1611 1046; x_wconf 82' lang='lat' dir='ltr'>Augustus</span> <span class='ocrx_word' id='word_1_45' title='bbox 1629 931 1781 1047; x_wconf 82' lang='lat' dir='ltr'>gloriae</span> <span class='ocrx_word' id='word_1_46' title='bbox 1798 957 1877 1024; x_wconf 76' lang='lat' dir='ltr'>aut</span> 
     </span>
     <span class='ocr_line' id='line_1_7' title="bbox 510 1044 1929 1162; baseline 0.003 -30"><span class='ocrx_word' id='word_1_47' title='bbox 510 1047 699 1132; x_wconf 73' lang='lat' dir='ltr'>felici-rari</span> <span class='ocrx_word' id='word_1_48' title='bbox 713 1045 873 1130; x_wconf 73' lang='lat' dir='ltr'>duxerit</span> <span class='ocrx_word' id='word_1_49' title='bbox 900 1069 1039 1130; x_wconf 86' lang='lat' dir='ltr'>natum</span> <span class='ocrx_word' id='word_1_50' title='bbox 1057 1044 1095 1132; x_wconf 91' lang='lat' dir='ltr'>se</span> <span class='ocrx_word' id='word_1_51' title='bbox 1120 1046 1239 1132; x_wconf 81' lang='lat' dir='ltr'>fuisse</span> <span class='ocrx_word' id='word_1_52' title='bbox 1263 1046 1330 1134; x_wconf 78' lang='lat' dir='ltr'>nb</span> <span class='ocrx_word' id='word_1_53' title='bbox 1351 1054 1609 1162; x_wconf 83' lang='lat' dir='ltr'>capricorno,</span> <span class='ocrx_word' id='word_1_54' title='bbox 1638 1054 1787 1132; x_wconf 87' lang='lat' dir='ltr'>caeteri</span> <span class='ocrx_word' id='word_1_55' title='bbox 1802 1079 1879 1132; x_wconf 88' lang='lat' dir='ltr'>cur</span> <span class='ocrx_word' id='word_1_56' title='bbox 1925 1131 1929 1136; x_wconf 81' lang='grc'>.</span> 
     </span>
     <span class='ocr_line' id='line_1_8' title="bbox 511 1157 1880 1278; baseline -0.002 -30"><span class='ocrx_word' id='word_1_57' title='bbox 511 1169 771 1278; x_wconf 71' lang='lat' dir='ltr'>Imperatores</span> <span class='ocrx_word' id='word_1_58' title='bbox 794 1157 865 1243; x_wconf 91' lang='lat' dir='ltr'>sub</span> <span class='ocrx_word' id='word_1_59' title='bbox 890 1165 1044 1256; x_wconf 82' lang='lat' dir='ltr'>ariete,</span> <span class='ocrx_word' id='word_1_60' title='bbox 1075 1181 1145 1246; x_wconf 87' lang='lat' dir='ltr'>aut</span> <span class='ocrx_word' id='word_1_61' title='bbox 1169 1188 1337 1256; x_wconf 83' lang='lat' dir='ltr'>cancro,</span> <span class='ocrx_word' id='word_1_62' title='bbox 1365 1163 1495 1249; x_wconf 84' lang='lat' dir='ltr'>aliove</span> <span class='ocrx_word' id='word_1_63' title='bbox 1527 1161 1664 1277; x_wconf 87' lang='lat' dir='ltr'>sydere</span> <span class='ocrx_word' id='word_1_64' title='bbox 1695 1185 1808 1248; x_wconf 85' lang='lat' dir='ltr'>natos</span> <span class='ocrx_word' id='word_1_65' title='bbox 1831 1159 1880 1246; x_wconf 87' lang='lat' dir='ltr'>se</span> 
     </span>
     <span class='ocr_line' id='line_1_9' title="bbox 512 1273 1433 1393; baseline 0.004 -33"><span class='ocrx_word' id='word_1_66' title='bbox 512 1275 672 1392; x_wconf 87' lang='lat' dir='ltr'>gloriati</span> <span class='ocrx_word' id='word_1_67' title='bbox 693 1287 778 1358; x_wconf 85' lang='lat' dir='ltr'>non</span> <span class='ocrx_word' id='word_1_68' title='bbox 792 1273 974 1375; x_wconf 79' lang='lat' dir='ltr'>fuerint,</span> <span class='ocrx_word' id='word_1_69' title='bbox 994 1275 1167 1393; x_wconf 83' lang='lat' dir='ltr'>explices</span> <span class='ocrx_word' id='word_1_70' title='bbox 1182 1279 1314 1364; x_wconf 84' lang='lat' dir='ltr'>velim.</span> <span class='ocrx_word' id='word_1_71' title='bbox 1428 1313 1433 1322; x_wconf 63' lang='lat'>¹</span> 
     </span>
    </p>
   </div>
   <div class='ocr_carea' id='block_1_2' title="bbox 499 1506 1878 2432">
    <p class='ocr_par' dir='ltr' id='par_1_3' title="bbox 499 1506 1878 2432">
     <span class='ocr_line' id='line_1_10' title="bbox 569 1506 1878 1622; baseline -0.003 -29"><span class='ocrx_word' id='word_1_72' title='bbox 569 1512 680 1593; x_wconf 67' lang='lat' dir='ltr'>eli&#39;l&#39;.</span> <span class='ocrx_word' id='word_1_73' title='bbox 715 1521 755 1588; x_wconf 74' lang='lat' dir='ltr'>t.</span> <span class='ocrx_word' id='word_1_74' title='bbox 785 1521 867 1594; x_wconf 73' lang='grc' dir='ltr'>ΠΟ·</span> <span class='ocrx_word' id='word_1_75' title='bbox 908 1515 997 1596; x_wconf 83' lang='lat' dir='ltr'>an·</span> <span class='ocrx_word' id='word_1_76' title='bbox 1039 1522 1384 1599; x_wconf 71' lang='lat' dir='ltr'>otnnul‘mtroc.</span> <span class='ocrx_word' id='word_1_77' title='bbox 1444 1509 1589 1622; x_wconf 87' lang='lat' dir='ltr'>Capite</span> <span class='ocrx_word' id='word_1_78' title='bbox 1616 1506 1796 1594; x_wconf 87' lang='lat' dir='ltr'>laureato</span> <span class='ocrx_word' id='word_1_79' title='bbox 1819 1507 1878 1590; x_wconf 86' lang='lat' dir='ltr'>ad</span> 
     </span>
     <span class='ocr_line' id='line_1_11' title="bbox 513 1618 1873 1742; baseline 0.004 -36"><span class='ocrx_word' id='word_1_80' title='bbox 513 1641 750 1736; x_wconf 81' lang='lat' dir='ltr'>pectuscum</span> <span class='ocrx_word' id='word_1_81' title='bbox 766 1618 1075 1734; x_wconf 82' lang='lat' dir='ltr'>paludamento,</span> <span class='ocrx_word' id='word_1_82' title='bbox 1094 1623 1371 1711; x_wconf 64' lang='lat' dir='ltr'>sinistrorsnm.</span> <span class='ocrx_word' id='word_1_83' title='bbox 1428 1640 1471 1742; x_wconf 88' lang='lat'>)(</span> <span class='ocrx_word' id='word_1_84' title='bbox 1487 1643 1822 1716; x_wconf 74' lang='lat' dir='ltr'>KssPTKlttTss</span> <span class='ocrx_word' id='word_1_85' title='bbox 1836 1647 1873 1711; x_wconf 82' lang='grc' dir='ltr'><strong>Ν</strong></span> 
     </span>
     <span class='ocr_line' id='line_1_12' title="bbox 499 1741 1877 1853; baseline -0.002 -28"><span class='ocrx_word' id='word_1_86' title='bbox 499 1754 638 1825; x_wconf 17' lang='lat' dir='ltr'>*Acta</span> <span class='ocrx_word' id='word_1_87' title='bbox 677 1751 920 1824; x_wconf 64' lang='lat' dir='ltr'>Nn‘rnixr</span> <span class='ocrx_word' id='word_1_88' title='bbox 968 1741 1145 1826; x_wconf 81' lang='lat' dir='ltr'>Bacchus</span> <span class='ocrx_word' id='word_1_89' title='bbox 1158 1745 1354 1853; x_wconf 84' lang='lat' dir='ltr'>pampinis</span> <span class='ocrx_word' id='word_1_90' title='bbox 1382 1763 1616 1831; x_wconf 85' lang='lat' dir='ltr'>coronatus,</span> <span class='ocrx_word' id='word_1_91' title='bbox 1645 1767 1687 1823; x_wconf 87' lang='lat' dir='ltr'>et</span> <span class='ocrx_word' id='word_1_92' title='bbox 1702 1744 1877 1824; x_wconf 86' lang='lat' dir='ltr'>amictus</span> 
     </span>
     <span class='ocr_line' id='line_1_13' title="bbox 510 1851 1876 1968; baseline -0.004 -26"><span class='ocrx_word' id='word_1_93' title='bbox 510 1852 679 1942; x_wconf 83' lang='lat' dir='ltr'>nebride</span> <span class='ocrx_word' id='word_1_94' title='bbox 691 1877 769 1938; x_wconf 86' lang='lat' dir='ltr'>stat</span> <span class='ocrx_word' id='word_1_95' title='bbox 785 1851 1035 1938; x_wconf 75' lang='lat' dir='ltr'>dextrorsbm</span> <span class='ocrx_word' id='word_1_96' title='bbox 1054 1889 1067 1949; x_wconf 78' lang='lat'>3</span> <span class='ocrx_word' id='word_1_97' title='bbox 1097 1853 1237 1939; x_wconf 72' lang='lat' dir='ltr'>dextri</span> <span class='ocrx_word' id='word_1_98' title='bbox 1252 1856 1414 1968; x_wconf 83' lang='lat' dir='ltr'>botrum</span> <span class='ocrx_word' id='word_1_99' title='bbox 1437 1875 1578 1949; x_wconf 83' lang='lat' dir='ltr'>tenet,</span> <span class='ocrx_word' id='word_1_100' title='bbox 1607 1851 1719 1938; x_wconf 70' lang='lat' dir='ltr'>laevi</span> <span class='ocrx_word' id='word_1_101' title='bbox 1734 1856 1876 1968; x_wconf 85' lang='lat' dir='ltr'>thyrso</span> 
     </span>
     <span class='ocr_line' id='line_1_14' title="bbox 511 1967 1875 2086; baseline -0.001 -32"><span class='ocrx_word' id='word_1_102' title='bbox 511 1967 673 2054; x_wconf 68' lang='lat' dir='ltr'>innixi:</span> <span class='ocrx_word' id='word_1_103' title='bbox 703 1996 753 2050; x_wconf 78' lang='lat' dir='ltr'>ex</span> <span class='ocrx_word' id='word_1_104' title='bbox 768 1969 936 2051; x_wconf 86' lang='lat' dir='ltr'>adverso</span> <span class='ocrx_word' id='word_1_105' title='bbox 950 1973 1075 2083; x_wconf 86' lang='lat' dir='ltr'>tripus</span> <span class='ocrx_word' id='word_1_106' title='bbox 1087 1967 1199 2084; x_wconf 84' lang='lat' dir='ltr'>supra</span> <span class='ocrx_word' id='word_1_107' title='bbox 1216 1997 1335 2085; x_wconf 88' lang='lat' dir='ltr'>quem</span> <span class='ocrx_word' id='word_1_108' title='bbox 1354 1998 1452 2054; x_wconf 87' lang='lat' dir='ltr'>uma</span> <span class='ocrx_word' id='word_1_109' title='bbox 1467 1969 1630 2084; x_wconf 85' lang='lat' dir='ltr'>ingens,</span> <span class='ocrx_word' id='word_1_110' title='bbox 1648 1997 1671 2056; x_wconf 84' lang='lat' dir='ltr'>e</span> <span class='ocrx_word' id='word_1_111' title='bbox 1687 2001 1766 2086; x_wconf 91' lang='lat' dir='ltr'>qua</span> <span class='ocrx_word' id='word_1_112' title='bbox 1777 1975 1875 2062; x_wconf 50' lang='lat' dir='ltr'>emie</span> 
     </span>
     <span class='ocr_line' id='line_1_15' title="bbox 512 2081 1874 2200; baseline 0.001 -32"><span class='ocrx_word' id='word_1_113' title='bbox 512 2095 606 2168; x_wconf 79' lang='lat' dir='ltr'>caot&#39;</span> <span class='ocrx_word' id='word_1_114' title='bbox 623 2083 850 2181; x_wconf 83' lang='lat' dir='ltr'>caduceus,</span> <span class='ocrx_word' id='word_1_115' title='bbox 876 2083 1036 2197; x_wconf 87' lang='lat' dir='ltr'>palma,</span> <span class='ocrx_word' id='word_1_116' title='bbox 1062 2081 1195 2200; x_wconf 88' lang='lat' dir='ltr'>spica,</span> <span class='ocrx_word' id='word_1_117' title='bbox 1227 2087 1511 2187; x_wconf 66' lang='lat' dir='ltr'>acrostoliumr</span> <span class='ocrx_word' id='word_1_118' title='bbox 1538 2088 1581 2166; x_wconf 90' lang='lat' dir='ltr'>in</span> <span class='ocrx_word' id='word_1_119' title='bbox 1605 2112 1703 2169; x_wconf 88' lang='lat' dir='ltr'>urna</span> <span class='ocrx_word' id='word_1_120' title='bbox 1730 2089 1874 2172; x_wconf 89' lang='lat' dir='ltr'>inscri-</span> 
     </span>
     <span class='ocr_line' id='line_1_16' title="bbox 512 2198 1875 2314; baseline 0.001 -32"><span class='ocrx_word' id='word_1_121' title='bbox 512 2208 627 2314; x_wconf 84' lang='lat' dir='ltr'>pt&#39;tim</span> <span class='ocrx_word' id='word_1_122' title='bbox 645 2198 789 2311; x_wconf 86' lang='lat' dir='ltr'>legitut</span> <span class='ocrx_word' id='word_1_123' title='bbox 802 2209 1074 2294; x_wconf 66' lang='grc' dir='ltr'>ΘΕΩΓΑΜΙΑς</span> <span class='ocrx_word' id='word_1_124' title='bbox 1095 2227 1166 2311; x_wconf 89' lang='lat' dir='ltr'>pro</span> <span class='ocrx_word' id='word_1_125' title='bbox 1182 2201 1345 2314; x_wconf 86' lang='lat' dir='ltr'>pedibus</span> <span class='ocrx_word' id='word_1_126' title='bbox 1362 2202 1504 2285; x_wconf 85' lang='lat' dir='ltr'>Bacchi</span> <span class='ocrx_word' id='word_1_127' title='bbox 1524 2261 1535 2296; x_wconf 90' lang='lat'>,</span> <span class='ocrx_word' id='word_1_128' title='bbox 1562 2201 1763 2314; x_wconf 85' lang='lat' dir='ltr'>panthera.</span> <span class='ocrx_word' id='word_1_129' title='bbox 1813 2207 1875 2284; x_wconf 83' lang='lat' dir='ltr'>Ex</span> 
     </span>
     <span class='ocr_line' id='line_1_17' title="bbox 509 2315 1876 2432; baseline 0.003 -35"><span class='ocrx_word' id='word_1_130' title='bbox 509 2343 604 2398; x_wconf 87' lang='lat' dir='ltr'>aere</span> <span class='ocrx_word' id='word_1_131' title='bbox 632 2315 794 2396; x_wconf 85' lang='lat' dir='ltr'>maximi</span> <span class='ocrx_word' id='word_1_132' title='bbox 818 2315 973 2400; x_wconf 86' lang='lat' dir='ltr'>moduli</span> <span class='ocrx_word' id='word_1_133' title='bbox 1001 2321 1042 2401; x_wconf 88' lang='lat' dir='ltr'>iu</span> <span class='ocrx_word' id='word_1_134' title='bbox 1060 2343 1158 2428; x_wconf 84' lang='lat' dir='ltr'>gaza</span> <span class='ocrx_word' id='word_1_135' title='bbox 1176 2316 1413 2401; x_wconf 87' lang='lat' dir='ltr'>Lebrctiana</span> <span class='ocrx_word' id='word_1_136' title='bbox 1431 2377 1443 2416; x_wconf 89' lang='lat'>,</span> <span class='ocrx_word' id='word_1_137' title='bbox 1474 2341 1515 2401; x_wconf 91' lang='lat' dir='ltr'>et</span> <span class='ocrx_word' id='word_1_138' title='bbox 1532 2323 1573 2398; x_wconf 89' lang='lat' dir='ltr'>in</span> <span class='ocrx_word' id='word_1_139' title='bbox 1589 2315 1731 2432; x_wconf 85' lang='lat' dir='ltr'>Select.¹</span> <span class='ocrx_word' id='word_1_140' title='bbox 1745 2329 1876 2410; x_wconf 84' lang='lat' dir='ltr'>Num.</span> 
     </span>
    </p>
   </div>
   <div class='ocr_carea' id='block_1_3' title="bbox 381 2428 1121 2546">
    <p class='ocr_par' dir='ltr' id='par_1_4' title="bbox 381 2428 1121 2546">
     <span class='ocr_line' id='line_1_18' title="bbox 381 2428 1121 2546; baseline 0.007 -33"><span class='ocrx_word' id='word_1_141' title='bbox 381 2475 382 2480; x_wconf 12' lang='grc' dir='ltr'><strong><em>Ν</em></strong></span> <span class='ocrx_word' id='word_1_142' title='bbox 511 2429 615 2536; x_wconf 83' lang='lat' dir='ltr'>Abb.</span> <span class='ocrx_word' id='word_1_143' title='bbox 635 2432 687 2513; x_wconf 88' lang='lat' dir='ltr'>de</span> <span class='ocrx_word' id='word_1_144' title='bbox 702 2428 882 2545; x_wconf 89' lang='lat' dir='ltr'>Campo,</span> <span class='ocrx_word' id='word_1_145' title='bbox 910 2459 1001 2546; x_wconf 86' lang='lat' dir='ltr'>pag.</span> <span class='ocrx_word' id='word_1_146' title='bbox 1026 2462 1121 2538; x_wconf 81' lang='lat' dir='ltr'>rto.</span> 
     </span>
    </p>
   </div>
   <div class='ocr_carea' id='block_1_4' title="bbox 443 2532 1967 4276">
    <p class='ocr_par' dir='ltr' id='par_1_5' title="bbox 443 2532 1967 4276">
     <span class='ocr_line' id='line_1_19' title="bbox 585 2532 1875 2663; baseline 0.004 -32"><span class='ocrx_word' id='word_1_147' title='bbox 585 2542 845 2658; x_wconf 86' lang='lat' dir='ltr'>Expressusne</span> <span class='ocrx_word' id='word_1_148' title='bbox 860 2544 989 2630; x_wconf 80' lang='lat' dir='ltr'>fuitio</span> <span class='ocrx_word' id='word_1_149' title='bbox 1009 2569 1061 2633; x_wconf 84' lang='lat' dir='ltr'>eo</span> <span class='ocrx_word' id='word_1_150' title='bbox 1076 2552 1313 2632; x_wconf 83' lang='lat' dir='ltr'>numismate</span> <span class='ocrx_word' id='word_1_151' title='bbox 1327 2544 1501 2640; x_wconf 80' lang='lat' dir='ltr'>Bacchus</span> <span class='ocrx_word' id='word_1_152' title='bbox 1518 2532 1730 2643; x_wconf 74' lang='lat' dir='ltr'>Sabazius,</span> <span class='ocrx_word' id='word_1_153' title='bbox 1759 2545 1875 2663; x_wconf 84' lang='lat' dir='ltr'>qubd</span> 
     </span>
     <span class='ocr_line' id='line_1_20' title="bbox 511 2659 1872 2776; baseline 0.003 -32"><span class='ocrx_word' id='word_1_154' title='bbox 511 2660 614 2744; x_wconf 87' lang='lat' dir='ltr'>filius</span> <span class='ocrx_word' id='word_1_155' title='bbox 628 2659 841 2744; x_wconf 78' lang='lat' dir='ltr'>haberetur</span> <span class='ocrx_word' id='word_1_156' title='bbox 857 2661 1035 2745; x_wconf 87' lang='lat' dir='ltr'>Plutonis</span> <span class='ocrx_word' id='word_1_157' title='bbox 1054 2687 1096 2745; x_wconf 91' lang='lat' dir='ltr'>et</span> <span class='ocrx_word' id='word_1_158' title='bbox 1117 2667 1372 2776; x_wconf 81' lang='lat' dir='ltr'>Proserpinae</span> <span class='ocrx_word' id='word_1_159' title='bbox 1394 2721 1405 2761; x_wconf 88' lang='lat'>‚</span> <span class='ocrx_word' id='word_1_160' title='bbox 1443 2691 1614 2774; x_wconf 91' lang='lat' dir='ltr'>quorum</span> <span class='ocrx_word' id='word_1_161' title='bbox 1631 2667 1790 2776; x_wconf 85' lang='lat' dir='ltr'>nuptiae</span> <span class='ocrx_word' id='word_1_162' title='bbox 1808 2665 1872 2748; x_wconf 75' lang='lat' dir='ltr'>lu-</span> 
     </span>
     <span class='ocr_line' id='line_1_21' title="bbox 511 2775 1872 2892; baseline 0.004 -32"><span class='ocrx_word' id='word_1_163' title='bbox 511 2777 572 2860; x_wconf 89' lang='lat' dir='ltr'>dis</span> <span class='ocrx_word' id='word_1_164' title='bbox 591 2775 851 2887; x_wconf 82' lang='lat' dir='ltr'>Theogamiis</span> <span class='ocrx_word' id='word_1_165' title='bbox 871 2775 1170 2864; x_wconf 83' lang='lat' dir='ltr'>celebrabantur</span> <span class='ocrx_word' id='word_1_166' title='bbox 1191 2807 1204 2866; x_wconf 77' lang='lat'>2</span> <span class='ocrx_word' id='word_1_167' title='bbox 1236 2775 1374 2892; x_wconf 69' lang='lat' dir='ltr'>Longe</span> <span class='ocrx_word' id='word_1_168' title='bbox 1396 2776 1558 2862; x_wconf 84' lang='lat' dir='ltr'>alterius</span> <span class='ocrx_word' id='word_1_169' title='bbox 1577 2775 1695 2860; x_wconf 82' lang='lat' dir='ltr'>fuisse</span> <span class='ocrx_word' id='word_1_170' title='bbox 1714 2775 1872 2864; x_wconf 89' lang='lat' dir='ltr'>senten·</span> 
     </span>
     <span class='ocr_line' id='line_1_22' title="bbox 509 2892 1873 3008; baseline 0.004 -33"><span class='ocrx_word' id='word_1_171' title='bbox 509 2897 590 2976; x_wconf 79' lang='lat' dir='ltr'>tiae</span> <span class='ocrx_word' id='word_1_172' title='bbox 605 2892 789 2974; x_wconf 84' lang='lat' dir='ltr'>videntur</span> <span class='ocrx_word' id='word_1_173' title='bbox 808 2893 1057 3006; x_wconf 85' lang='lat' dir='ltr'>Coryciotae.</span> <span class='ocrx_word' id='word_1_174' title='bbox 1105 2893 1361 2977; x_wconf 84' lang='lat' dir='ltr'>inhonorem</span> <span class='ocrx_word' id='word_1_175' title='bbox 1391 2899 1616 3008; x_wconf 88' lang='lat' dir='ltr'>nuptiarum</span> <span class='ocrx_word' id='word_1_176' title='bbox 1629 2892 1806 2978; x_wconf 85' lang='lat' dir='ltr'>Plutonis</span> <span class='ocrx_word' id='word_1_177' title='bbox 1829 2920 1873 2980; x_wconf 89' lang='lat' dir='ltr'>et</span> 
     </span>
     <span class='ocr_line' id='line_1_23' title="bbox 509 3004 1873 3122; baseline 0.001 -31"><span class='ocrx_word' id='word_1_178' title='bbox 509 3009 767 3122; x_wconf 73' lang='lat' dir='ltr'>Proserpinae</span> <span class='ocrx_word' id='word_1_179' title='bbox 781 3004 808 3088; x_wconf 87' lang='lat' dir='ltr'>st</span> <span class='ocrx_word' id='word_1_180' title='bbox 822 3006 1030 3092; x_wconf 81' lang='lat' dir='ltr'>fuerintab</span> <span class='ocrx_word' id='word_1_181' title='bbox 1044 3012 1102 3092; x_wconf 89' lang='lat' dir='ltr'>cis</span> <span class='ocrx_word' id='word_1_182' title='bbox 1117 3039 1204 3094; x_wconf 88' lang='lat' dir='ltr'>acta</span> <span class='ocrx_word' id='word_1_183' title='bbox 1220 3012 1496 3122; x_wconf 82' lang='lat' dir='ltr'>Theogamia,</span> <span class='ocrx_word' id='word_1_184' title='bbox 1525 3039 1594 3090; x_wconf 90' lang='lat' dir='ltr'>cur</span> <span class='ocrx_word' id='word_1_185' title='bbox 1613 3007 1752 3105; x_wconf 88' lang='lat' dir='ltr'>Pluto,</span> <span class='ocrx_word' id='word_1_186' title='bbox 1775 3021 1873 3103; x_wconf 87' lang='lat' dir='ltr'>Pro-</span> 
     </span>
     <span class='ocr_line' id='line_1_24' title="bbox 511 3120 1967 3235; baseline 0.002 -27"><span class='ocrx_word' id='word_1_187' title='bbox 511 3125 718 3235; x_wconf 76' lang='lat' dir='ltr'>serpiuave&#39;</span> <span class='ocrx_word' id='word_1_188' title='bbox 735 3120 776 3205; x_wconf 87' lang='lat' dir='ltr'>in</span> <span class='ocrx_word' id='word_1_189' title='bbox 803 3137 852 3204; x_wconf 89' lang='lat' dir='ltr'>eo</span> <span class='ocrx_word' id='word_1_190' title='bbox 877 3147 958 3205; x_wconf 87' lang='lat' dir='ltr'>non</span> <span class='ocrx_word' id='word_1_191' title='bbox 976 3123 1214 3206; x_wconf 86' lang='lat' dir='ltr'>exhibentur</span> <span class='ocrx_word' id='word_1_192' title='bbox 1230 3145 1423 3207; x_wconf 72' lang='lat' dir='ltr'>nummo?</span> <span class='ocrx_word' id='word_1_193' title='bbox 1453 3153 1523 3207; x_wconf 90' lang='lat' dir='ltr'>cur</span> <span class='ocrx_word' id='word_1_194' title='bbox 1544 3123 1718 3216; x_wconf 83' lang='lat' dir='ltr'>Bacchus</span> <span class='ocrx_word' id='word_1_195' title='bbox 1733 3153 1833 3208; x_wconf 88' lang='lat' dir='ltr'>unus</span> <span class='ocrx_word' id='word_1_196' title='bbox 1855 3151 1869 3211; x_wconf 72' lang='lat' dir='ltr'>r</span> <span class='ocrx_word' id='word_1_197' title='bbox 1964 3221 1967 3226; x_wconf 43' lang='grc'>,</span> 
     </span>
     <span class='ocr_line' id='line_1_25' title="bbox 513 3229 1875 3355; baseline 0.002 -32"><span class='ocrx_word' id='word_1_198' title='bbox 513 3241 699 3347; x_wconf 81' lang='lat' dir='ltr'>Hujosne</span> <span class='ocrx_word' id='word_1_199' title='bbox 714 3233 837 3350; x_wconf 74' lang='lat' dir='ltr'>quim</span> <span class='ocrx_word' id='word_1_200' title='bbox 851 3235 1011 3321; x_wconf 88' lang='lat' dir='ltr'>illorum</span> <span class='ocrx_word' id='word_1_201' title='bbox 1026 3239 1202 3350; x_wconf 89' lang='lat' dir='ltr'>potiores</span> <span class='ocrx_word' id='word_1_202' title='bbox 1218 3237 1306 3324; x_wconf 83' lang='lat' dir='ltr'>sunt</span> <span class='ocrx_word' id='word_1_203' title='bbox 1320 3259 1448 3355; x_wconf 86' lang='lat' dir='ltr'>partes</span> <span class='ocrx_word' id='word_1_204' title='bbox 1461 3246 1502 3323; x_wconf 92' lang='lat' dir='ltr'>in</span> <span class='ocrx_word' id='word_1_205' title='bbox 1518 3229 1707 3323; x_wconf 83' lang='lat' dir='ltr'>ludisillis</span> <span class='ocrx_word' id='word_1_206' title='bbox 1727 3271 1740 3332; x_wconf 68' lang='lat' dir='ltr'>,a</span> <span class='ocrx_word' id='word_1_207' title='bbox 1766 3245 1875 3328; x_wconf 68' lang='lat' dir='ltr'>Vim.</span> 
     </span>
     <span class='ocr_line' id='line_1_26' title="bbox 513 3347 1873 3472; baseline 0.001 -34"><span class='ocrx_word' id='word_1_208' title='bbox 513 3353 682 3438; x_wconf 80' lang='lat' dir='ltr'>&#39;dicanda</span> <span class='ocrx_word' id='word_1_209' title='bbox 702 3347 788 3434; x_wconf 83' lang='lat' dir='ltr'>strnt</span> <span class='ocrx_word' id='word_1_210' title='bbox 802 3355 925 3466; x_wconf 86' lang='lat' dir='ltr'>igitur</span> <span class='ocrx_word' id='word_1_211' title='bbox 941 3353 1013 3435; x_wconf 88' lang='lat' dir='ltr'>uni</span> <span class='ocrx_word' id='word_1_212' title='bbox 1033 3352 1186 3442; x_wconf 80' lang='lat' dir='ltr'>Baccho</span> <span class='ocrx_word' id='word_1_213' title='bbox 1204 3359 1511 3472; x_wconf 81' lang='lat' dir='ltr'>Coryciotarunr</span> <span class='ocrx_word' id='word_1_214' title='bbox 1527 3354 1776 3470; x_wconf 83' lang='lat' dir='ltr'>Theogamia</span> <span class='ocrx_word' id='word_1_215' title='bbox 1796 3416 1806 3452; x_wconf 93' lang='lat'>,</span> <span class='ocrx_word' id='word_1_216' title='bbox 1827 3383 1873 3440; x_wconf 90' lang='lat' dir='ltr'>et</span> 
     </span>
     <span class='ocr_line' id='line_1_27' title="bbox 513 3469 1873 3588; baseline 0.002 -34"><span class='ocrx_word' id='word_1_217' title='bbox 513 3471 564 3554; x_wconf 90' lang='lat' dir='ltr'>de</span> <span class='ocrx_word' id='word_1_218' title='bbox 593 3493 840 3552; x_wconf 88' lang='lat' dir='ltr'>caeterorum</span> <span class='ocrx_word' id='word_1_219' title='bbox 868 3473 1048 3552; x_wconf 90' lang='lat' dir='ltr'>omnium</span> <span class='ocrx_word' id='word_1_220' title='bbox 1071 3471 1251 3554; x_wconf 88' lang='lat' dir='ltr'>Deorum</span> <span class='ocrx_word' id='word_1_221' title='bbox 1283 3469 1587 3588; x_wconf 85' lang='lat' dir='ltr'>proprietatibus</span> <span class='ocrx_word' id='word_1_222' title='bbox 1611 3475 1651 3552; x_wconf 85' lang='lat' dir='ltr'>in</span> <span class='ocrx_word' id='word_1_223' title='bbox 1671 3472 1873 3562; x_wconf 83' lang='lat' dir='ltr'>Bacchum</span> 
     </span>
     <span class='ocr_line' id='line_1_28' title="bbox 513 3581 1874 3678; baseline 0.003 -10"><span class='ocrx_word' id='word_1_224' title='bbox 513 3609 638 3669; x_wconf 88' lang='lat' dir='ltr'>unum</span> <span class='ocrx_word' id='word_1_225' title='bbox 668 3581 1006 3678; x_wconf 78' lang='lat' dir='ltr'>coalescentibus,</span> <span class='ocrx_word' id='word_1_226' title='bbox 1030 3607 1071 3666; x_wconf 90' lang='lat' dir='ltr'>et</span> <span class='ocrx_word' id='word_1_227' title='bbox 1098 3585 1147 3667; x_wconf 88' lang='lat' dir='ltr'>ab</span> <span class='ocrx_word' id='word_1_228' title='bbox 1161 3588 1303 3672; x_wconf 88' lang='lat' dir='ltr'>codem</span> <span class='ocrx_word' id='word_1_229' title='bbox 1319 3593 1361 3669; x_wconf 90' lang='lat' dir='ltr'>io</span> <span class='ocrx_word' id='word_1_230' title='bbox 1373 3611 1548 3671; x_wconf 87' lang='lat' dir='ltr'>caeteros</span> <span class='ocrx_word' id='word_1_231' title='bbox 1564 3610 1701 3669; x_wconf 86' lang='lat' dir='ltr'>omncs</span> <span class='ocrx_word' id='word_1_232' title='bbox 1712 3587 1874 3672; x_wconf 86' lang='lat' dir='ltr'>divisim</span> 
     </span>
     <span class='ocr_line' id='line_1_29' title="bbox 512 3696 1876 3818; baseline 0.004 -34"><span class='ocrx_word' id='word_1_233' title='bbox 512 3696 786 3784; x_wconf 82' lang='lat' dir='ltr'>emanantibus</span> <span class='ocrx_word' id='word_1_234' title='bbox 801 3698 1109 3812; x_wconf 81' lang='lat' dir='ltr'>interpretanda.</span> <span class='ocrx_word' id='word_1_235' title='bbox 1153 3701 1214 3784; x_wconf 84' lang='lat' dir='ltr'>Ut</span> <span class='ocrx_word' id='word_1_236' title='bbox 1230 3706 1348 3786; x_wconf 88' lang='lat' dir='ltr'>vir-et</span> <span class='ocrx_word' id='word_1_237' title='bbox 1362 3730 1461 3788; x_wconf 85' lang='lat' dir='ltr'>uxor</span> <span class='ocrx_word' id='word_1_238' title='bbox 1474 3729 1598 3786; x_wconf 90' lang='lat' dir='ltr'>unum</span> <span class='ocrx_word' id='word_1_239' title='bbox 1618 3729 1707 3786; x_wconf 87' lang='lat' dir='ltr'>sunt</span> <span class='ocrx_word' id='word_1_240' title='bbox 1728 3733 1876 3818; x_wconf 85' lang='lat' dir='ltr'>corpus</span> 
     </span>
     <span class='ocr_line' id='line_1_30' title="bbox 511 3810 1870 3929; baseline 0.002 -29"><span class='ocrx_word' id='word_1_241' title='bbox 511 3813 688 3911; x_wconf 89' lang='lat' dir='ltr'>morale,</span> <span class='ocrx_word' id='word_1_242' title='bbox 716 3810 893 3896; x_wconf 83' lang='lat' dir='ltr'>membra</span> <span class='ocrx_word' id='word_1_243' title='bbox 909 3841 1032 3896; x_wconf 88' lang='lat' dir='ltr'>unum</span> <span class='ocrx_word' id='word_1_244' title='bbox 1049 3813 1252 3929; x_wconf 88' lang='lat' dir='ltr'>physicum</span> <span class='ocrx_word' id='word_1_245' title='bbox 1273 3877 1285 3912; x_wconf 89' lang='lat'>,</span> <span class='ocrx_word' id='word_1_246' title='bbox 1311 3820 1366 3901; x_wconf 83' lang='lat' dir='ltr'>ita</span> <span class='ocrx_word' id='word_1_247' title='bbox 1384 3817 1760 3910; x_wconf 79' lang='lat' dir='ltr'>Bacchusctomnes</span> <span class='ocrx_word' id='word_1_248' title='bbox 1777 3825 1870 3918; x_wconf 81' lang='lat' dir='ltr'>Dii,</span> 
     </span>
     <span class='ocr_line' id='line_1_31' title="bbox 512 3928 1871 4051; baseline 0.001 -34"><span class='ocrx_word' id='word_1_249' title='bbox 512 3930 577 4017; x_wconf 88' lang='lat' dir='ltr'>scu</span> <span class='ocrx_word' id='word_1_250' title='bbox 603 3933 737 4013; x_wconf 88' lang='lat' dir='ltr'>omnia</span> <span class='ocrx_word' id='word_1_251' title='bbox 765 3928 848 4040; x_wconf 80' lang='lat' dir='ltr'>ejus</span> <span class='ocrx_word' id='word_1_252' title='bbox 874 3929 1061 4014; x_wconf 80' lang='lat' dir='ltr'>attributa</span> <span class='ocrx_word' id='word_1_253' title='bbox 1087 3991 1097 4022; x_wconf 91' lang='lat'>,</span> <span class='ocrx_word' id='word_1_254' title='bbox 1133 3962 1233 4016; x_wconf 84' lang='lat' dir='ltr'>rmus</span> <span class='ocrx_word' id='word_1_255' title='bbox 1259 3951 1318 4017; x_wconf 87' lang='lat' dir='ltr'>est</span> <span class='ocrx_word' id='word_1_256' title='bbox 1343 3935 1532 4051; x_wconf 87' lang='lat' dir='ltr'>idemque</span> <span class='ocrx_word' id='word_1_257' title='bbox 1555 3932 1716 4049; x_wconf 74' lang='lat' dir='ltr'>simplex</span> <span class='ocrx_word' id='word_1_258' title='bbox 1746 3938 1871 4021; x_wconf 82' lang='lat' dir='ltr'>Deus.</span> 
     </span>
     <span class='ocr_line' id='line_1_32' title="bbox 512 4046 1870 4149; baseline 0.007 -20"><span class='ocrx_word' id='word_1_259' title='bbox 512 4049 620 4133; x_wconf 75' lang='lat' dir='ltr'>Hinc</span> <span class='ocrx_word' id='word_1_260' title='bbox 646 4051 937 4127; x_wconf 74' lang='lat' dir='ltr'>nummornoo</span> <span class='ocrx_word' id='word_1_261' title='bbox 964 4046 1190 4131; x_wconf 83' lang='lat' dir='ltr'>inscribitur</span> <span class='ocrx_word' id='word_1_262' title='bbox 1207 4069 1473 4149; x_wconf 68' lang='lat' dir='ltr'>naussum,</span> <span class='ocrx_word' id='word_1_263' title='bbox 1496 4047 1563 4134; x_wconf 81' lang='lat' dir='ltr'>sed</span> <span class='ocrx_word' id='word_1_264' title='bbox 1592 4069 1870 4146; x_wconf 68' lang='grc' dir='ltr'>ΘΕΩΓΑΜΙΑ,</span> 
     </span>
     <span class='ocr_line' id='line_1_33' title="bbox 443 4163 1869 4276; baseline 0.006 -31"><span class='ocrx_word' id='word_1_265' title='bbox 443 4181 447 4190; x_wconf 89' lang='grc'><strong>’</strong></span> <span class='ocrx_word' id='word_1_266' title='bbox 510 4169 772 4276; x_wconf 65' lang='lat' dir='ltr'>&#39;quasiffissni</span> <span class='ocrx_word' id='word_1_267' title='bbox 792 4177 949 4249; x_wconf 65' lang='lat' dir='ltr'>Tamis.</span> <span class='ocrx_word' id='word_1_268' title='bbox 990 4163 1201 4258; x_wconf 82' lang='lat' dir='ltr'>Deorum,</span> <span class='ocrx_word' id='word_1_269' title='bbox 1225 4165 1288 4250; x_wconf 85' lang='lat' dir='ltr'>seu</span> <span class='ocrx_word' id='word_1_270' title='bbox 1308 4171 1428 4250; x_wconf 86' lang='lat' dir='ltr'>totius</span> <span class='ocrx_word' id='word_1_271' title='bbox 1450 4168 1681 4251; x_wconf 79' lang='lat' dir='ltr'>Divinitatis</span> <span class='ocrx_word' id='word_1_272' title='bbox 1704 4174 1744 4249; x_wconf 88' lang='lat' dir='ltr'>in</span> <span class='ocrx_word' id='word_1_273' title='bbox 1767 4171 1869 4253; x_wconf 89' lang='lat' dir='ltr'>Bac·</span> 
     </span>
    </p>
   </div>
   <div class='ocr_carea' id='block_1_5' title="bbox 376 4277 1868 4397">
    <p class='ocr_par' dir='ltr' id='par_1_6' title="bbox 376 4277 1868 4397">
     <span class='ocr_line' id='line_1_34' title="bbox 376 4277 1868 4397; baseline 0.003 -35"><span class='ocrx_word' id='word_1_274' title='bbox 376 4351 381 4362; x_wconf 79' lang='grc'>,</span> <span class='ocrx_word' id='word_1_275' title='bbox 510 4279 631 4365; x_wconf 85' lang='lat' dir='ltr'>chum</span> <span class='ocrx_word' id='word_1_276' title='bbox 645 4278 873 4387; x_wconf 77' lang='lat' dir='ltr'>conjunctio</span> <span class='ocrx_word' id='word_1_277' title='bbox 889 4303 1013 4394; x_wconf 86' lang='lat' dir='ltr'>,quae</span> <span class='ocrx_word' id='word_1_278' title='bbox 1038 4277 1146 4360; x_wconf 79' lang='lat' dir='ltr'>hisce</span> <span class='ocrx_word' id='word_1_279' title='bbox 1165 4278 1265 4364; x_wconf 84' lang='lat' dir='ltr'>ludis</span> <span class='ocrx_word' id='word_1_280' title='bbox 1282 4281 1388 4397; x_wconf 89' lang='lat' dir='ltr'>apud</span> <span class='ocrx_word' id='word_1_281' title='bbox 1407 4281 1868 4388; x_wconf 76' lang='lat' dir='ltr'>Coryciutascclcbtare·</span> 
     </span>
    </p>
   </div>
   <div class='ocr_carea' id='block_1_6' title="bbox 509 4389 1866 4623">
    <p class='ocr_par' dir='ltr' id='par_1_7' title="bbox 509 4389 1866 4623">
     <span class='ocr_line' id='line_1_35' title="bbox 509 4389 1864 4512; baseline 0.003 -30"><span class='ocrx_word' id='word_1_282' title='bbox 509 4423 585 4483; x_wconf 88' lang='lat' dir='ltr'>tut.</span> <span class='ocrx_word' id='word_1_283' title='bbox 640 4396 749 4476; x_wconf 88' lang='lat' dir='ltr'>Huic</span> <span class='ocrx_word' id='word_1_284' title='bbox 777 4389 995 4479; x_wconf 86' lang='lat' dir='ltr'>sentcntiae</span> <span class='ocrx_word' id='word_1_285' title='bbox 1025 4391 1162 4477; x_wconf 84' lang='lat' dir='ltr'>favere</span> <span class='ocrx_word' id='word_1_286' title='bbox 1193 4399 1349 4483; x_wconf 89' lang='lat' dir='ltr'>videtur</span> <span class='ocrx_word' id='word_1_287' title='bbox 1377 4398 1517 4482; x_wconf 84' lang='lat' dir='ltr'>allatus</span> <span class='ocrx_word' id='word_1_288' title='bbox 1543 4427 1622 4479; x_wconf 91' lang='lat' dir='ltr'>non</span> <span class='ocrx_word' id='word_1_289' title='bbox 1643 4403 1698 4480; x_wconf 90' lang='lat' dir='ltr'>ita</span> <span class='ocrx_word' id='word_1_290' title='bbox 1713 4399 1864 4512; x_wconf 89' lang='lat' dir='ltr'>pridem</span> 
     </span>
     <span class='ocr_line' id='line_1_36' title="bbox 512 4510 1866 4623; baseline 0.002 -26"><span class='ocrx_word' id='word_1_291' title='bbox 512 4515 817 4623; x_wconf 84' lang='lat' dir='ltr'>Coryciotarum</span> <span class='ocrx_word' id='word_1_292' title='bbox 851 4535 1038 4596; x_wconf 84' lang='lat' dir='ltr'>nummus</span> <span class='ocrx_word' id='word_1_293' title='bbox 1071 4510 1169 4596; x_wconf 83' lang='lat' dir='ltr'>alter</span> <span class='ocrx_word' id='word_1_294' title='bbox 1201 4510 1298 4602; x_wconf 71' lang='lat' dir='ltr'>cisti</span> <span class='ocrx_word' id='word_1_295' title='bbox 1331 4510 1682 4600; x_wconf 83' lang='lat' dir='ltr'>commendandus.</span> <span class='ocrx_word' id='word_1_296' title='bbox 1743 4517 1866 4603; x_wconf 81' lang='lat' dir='ltr'>Favet</span> 
     </span>
    </p>
   </div>
   <div class='ocr_carea' id='block_1_7' title="bbox 0 0 2110 5496">
    <p class='ocr_par' dir='ltr' id='par_1_8' title="bbox 0 0 2110 5496">
     <span class='ocr_line' id='line_1_37' title="bbox 0 0 2110 5496; baseline 0 0"><span class='ocrx_word' id='word_1_297' title='bbox 0 0 2110 5496; x_wconf 95' lang='lat' dir='ltr'> </span> 
     </span>
    </p>
   </div>
  </div>
 </body>
</html>
