4218 5484
538 403 639 502 ue
692 351 1270 500 crsrornonr's.
1533 409 1590 524 45

149 589 154 601 ·
220 534 350 638 '„lare
366 543 620 653 consequitur
633 594 673 633 „.
713 537 915 624 Sancitum
929 567 952 623 a
964 539 1135 652 Licurgo
1151 535 1283 622 fuerat
1302 594 1314 634 ,
1334 559 1380 622 ut
1400 537 1596 626 Lacedae·

219 662 454 742 moniorum
474 657 655 769 Prytanis
674 684 745 770 pro
764 659 936 741 civitatis
954 651 1078 738 salute
1098 652 1258 769 publica
1275 647 1460 739 sacrificia
1478 659 1595 741 sacri-

220 772 360 855 ·ficaret
376 775 471 878 [η.
528 773 594 855 Ad
623 767 932 856 Atheniensium
957 772 1170 880 Prytanem
1192 774 1409 886 patriorum
1432 802 1594 888 quoque

222 885 503 972 sacrificiorum
533 889 824 974 administratio
849 885 1047 1002 spectabat
1067 881 1159 993 [bl.
1196 886 1536 1002 quemadmodum
1553 912 1616 972 er·

223 1008 270 1088 in
298 1005 490 1089 Romanis
518 1003 747 1088 civitatibus
769 1003 1006 1095 Pontificem
1035 1008 1303 1106 Maximum,
1337 1007 1408 1117 qui
1439 1029 1524 1089 crat
1555 1001 1594 1087 A

226 1119 468 1213 sncxrs
532 1087 881 1212 nvncmrs
932 1119 1215 1210 uorum
1268 1119 1596 1206 nonnus

224 1238 641 1352 QVIRITIVM.
691 1240 801 1320 Inter
828 1238 953 1350 patria
981 1232 1086 1317 sacra
1108 1230 1341 1347 Prytanibus
1358 1234 1595 1330 commissa,

216 1349 518 1442 ,annumerandi
549 1349 641 1438 sunt
658 1350 749 1437 festi
768 1353 870 1435 Dies
897 1353 1081 1434 Deorum
1098 1348 1332 1434 'tutelarium
1348 1352 1597 1465 uniuscujus-

223 1497 309 1584 que
325 1472 497 1554 civitatis
522 1470 669 1584 proprii
685 1529 695 1559 ‚
727 1493 903 1581 agones,
930 1464 995 1552 seu
1012 1470 1258 1563 certamina,
1289 1493 1460 1583 pompae
1478 1497 1599 1583 quae·

220 1587 320 1670 darn
349 1584 599 1669 celebriores.
654 1589 836 1678 Priorum
864 1586 907 1664 in
936 1580 1032 1665 serie
1061 1604 1275 1666 occurrunt
1299 1584 1415 1667 Deae
1440 1585 1597 1669 Neme-

222 1703 320 1806 sesl
335 1706 407 1808 cl,
437 1704 561 1800 Vesta
579 1695 689 1804 [d]‚
721 1699 854 1780 Mater
870 1694 1091 1803 Deirnrle]
1111 1758 1123 1795 ,
1142 1699 1276 1782 Diana
1290 1695 1483 1814 Ephesia,
1505 1703 1596 1786 Aes-

174 1913 176 1917 ·
200 1855 203 1864 ’
222 1813 403 1930 culapius
415 1813 517 1925 [f].'
560 1813 737 1898 Bacchus
754 1816 768 1917 [
776 1817 829 1923 g]
846 1873 859 1909 ,
887 1811 1029 1928 quibus
1044 1815 1236 1925 Prytanes
1251 1839 1405 1898 cerrum
1422 1838 1480 1900 cst
1497 1816 1599 1903 litas-

132 1955 136 1962 ’
220 1959 268 2018 se
288 1993 300 2030 ,
328 1931 430 2016 adeo
444 1959 526 2014 non
536 1934 683 2017 Vestae
700 1934 842 2027 unius,
862 1955 907 2013 ut
925 1930 1100 2012 diximus
1117 1989 1129 2026 ,
1146 1926 1260 2014 sacris
1273 1926 1334 2014 illi
1348 1959 1571 2046 praeerant.

278 2079 280 2082 ·
303 2051 343 2131 Si
359 2048 599 2160 conjecturis
624 2041 914 2162 aliquantulum
938 2044 1150 2164 indulgere
1171 2041 1314 2136 liccat.
1337 2075 1420 2131 non
1446 2047 1599 2136 alienus

220 2159 313 2250 suns
328 2170 397 2278 qui
414 2167 588 2277 opiner,
622 2165 678 2249 ιθ.
702 2163 984 2253 Pannionium,
1013 2181 1249 2274 caeteraque
1265 2162 1309 2245 id
1326 2188 1456 2276 genus
1485 2195 1598 2251 com-

223 2285 368 2362 munia
391 2279 541 2372 Asiae,
574 2280 747 2388 Lyciae,
778 2274 988 2390 Bithyniae
1009 2277 1317 2392 ,Cappadociae
1338 2336 1351 2373 ,
1381 2277 1599 2381 Galatiae,

226 2393 430 2508 Phrygiae
447 2399 523 2475 &e
539 2388 749 2506 dequibus
767 2389 878 2505 saepe
892 2395 1048 2475 nummi
1065 2452 1075 2481 .
1101 2395 1190 2472 unis
1204 2391 1400 2474 duntaxat
1415 2420 1599 2483 constare

222 2507 497 2624 ‘Prytanibum
522 2503 616 2606 seu,
642 2505 752 2621 quod
772 2507 880 2590 idem
897 2529 989 2604 est,
1015 2507 1067 2590 ad
1090 2503 1319 2616 hujusmodi
1338 2511 1598 2621 provincialia
1622 2572 1626 2578 -

212 2630 393 2714 „comitia
408 2620 646 2736 lingularum
664 2617 967 2737 suffragantium
982 2625 1191 2706 civitatum
1203 2622 1392 2736 Prytanes
1409 2622 1599 2741 delegari.

233 2741 505 2852 Coniecturae
530 2735 664 2822 locum
693 2739 810 2822 dedit
835 2741 998 2852 Georgii
1011 2735 1191 2821 'Whelcri
1210 2762 1324 2824 vetus
1343 2737 1440 2854 lapis
1455 2742 1497 2823 in
1516 2773 1598 2860 quo

232 2852 528 2964 Mycalensium
547 2882 646 2934 cum
664 2853 972 2939 lebediensium
987 2855 1159 2964 Prytane
1179 2858 1418 2952 contentio,
1450 2853 1533 2967 [h]
1556 2883 1599 2946 er
1664 2948 1668 2957 ¹

234 2965 459 3054 Aristides,
482 2966 553 3079 qui
577 2969 740 3049 comitia
753 2969 950 3078 Prytanea
965 2985 1160 3049 memorat
1181 2969 1273 3072 [i]-

305 3081 367 3180 θ.
402 3085 613 3192 Prytanem
641 3080 798 3163 concilii
815 3084 1036 3194 principem
1060 3078 1278 3194 aliquando
1292 3081 1495 3174 Pontificis
1508 3092 1600 3175 Ma-

231 3198 331 3281 ximi
354 3194 474 3302 titulo
498 3195 748 3308 designatum
765 3192 899 3280 fuisse.
941 3194 1204 3279 Habemus-in
1222 3200 1397 3283 nummis
1409 3195 1600 3290 Sabinum

229 3309 453 3426 Eutychem
466 3311 628 3395 Asiatici
642 3311 801 3397 concilii
817 3310 1050 3397 Pontificem
1065 3309 1320 3426 supremum:
1347 3335 1422 3405 ΣΑ.
1455 3337 1599 3408 ΕΤΤΎ-

231 3448 377 3516 ΧΟΎΣ.
408 3447 509 3516 APX.
544 3445 604 3514 Is.
641 3446 751 3514 non.
796 3429 841 3507 ln
855 3432 983 3509 veteri
1000 3425 1133 3540 lapide
1147 3428 1252 3541 apud
1265 3429 1496 3518 Whelerum
1519 3441 1596 3545 [k],

232 3543 461 3658 legicur'M.
477 3541 662 3630 Aurelius
676 3539 910 3627 Diadochus
930 3536 1103 3624 summus
1118 3541 1305 3628 Pontifex
1320 3549 1483 3632 Asiatici
1501 3581 1600 3634 con-

228 3661 315 3746 cilii
331 3661 533 3774 princeps:
564 3654 756 3773 A'yxrrptrir
777 3658 832 3751 rie
848 3655 987 3768 'Arabes
1018 3653 1313 3770 »alunnum
1368 3661 1600 3779 Aliquando

233 3772 446 3866 Asiarchae
461 3774 600 3860 titulus
627 3779 805 3892 proprius
827 3773 983 3858 videtur
1014 3769 1133 3858 fuisse
1164 3774 1343 3888 Prytanis
1358 3775 1495 3878 illius,
1526 3789 1599 3896 qui

233 3899 357 3980 totius
382 3887 605 3978 convenrbs
633 3919 789 4004 praeses
804 3914 890 3974 erat
910 3926 920 3973 ε
945 3887 1053 3974 unde
1069 3917 1114 3972 ut
1129 3885 1240 3973 suam
1253 3892 1464 3977 denotaret
1478 3899 1520 3978 in
1539 3903 1598 3983 ci·
1720 3902 1723 3908 ’

235 4015 360 4095 vitate
374 4009 532 4123 propria
549 4009 823 4126 Prytaneiam.
843 4007 1026 4119 A'exstyios
1040 4002 1237 4088 retinebat
1255 4005 1405 4121 saepius
1420 4038 1596 4108 nomen,

234 4131 303 4208 cui
318 4121 419 4207 illud
438 4119 620 4232 Α’σιάρχευ
639 4120 904 4234 subrogabat,
932 4145 977 4203 ut
1005 4115 1114 4203 suum
1140 4115 1408 4207 denotaretin
1425 4127 1598 4210 comitiis
1655 4225 1659 4234 .

233 4245 463 4360 primatum.
513 4239 622 4328 Nam
653 4239 681 4322 sr
708 4237 906 4326 Vandalio
922 4236 988 4344 [l]
1018 4234 1201 4320 credatur
1224 4297 1236 4336 ‚
1259 4241 1330 4356 qui
1354 4241 1395 4321 in
1418 4241 1597 4353 ejusdem

338 4505 404 4582 [a]
428 4501 559 4583 Xenoph·
651 4498 715 4580 [l]
736 4500 845 4564 Pollux.
934 4503 1000 4580 [a]
1023 4505 1164 4564 Marmora
1184 4503 1277 4563 Oxon.
1301 4519 1366 4584 pag.
1388 4511 1454 4577 148.
1479 4507 1595 4583 perol.

239 4585 307 4664 [d]
330 4583 453 4664 Aeschyl.
481 4583 567 4662 suppl.
591 4602 618 4641 v.
642 4602 703 4656 3⁷5·
729 4591 792 4650 Arc.
873 4585 939 4656 [e]
959 4581 1144 4663 Theophrast.
1170 4581 1204 4642 de
1231 4584 1325 4663 inepta
1344 4581 1433 4644 laudis
1455 4585 1596 4663 cupidine.

239 4667 303 4745 [f]
327 4669 469 4726 Nummus
492 4665 680 4723 Cumacotutn
708 4660 782 4720 iusta
803 4659 965 4738 laudandus.
1071 4665 1133 4742 [g]
1156 4661 1264 4722 Pollux.
1362 4663 1428 4743 [b]
1453 4683 1513 4743 pag.
1535 4687 1596 4746 27³·

145 4816 150 4820 ⁸
236 4743 619 4827 [iJScrmsacnpcol.
717 4742 943 4824 [lerag.2rr.
1024 4737 1373 4820 [uberantissime.
1388 4761 1515 4829 capzatr.
