4212 5496
429 276 432 282 ’
543 307 608 412 st
826 323 923 424 un
995 319 1606 418 crstornours.

435 485 439 496 ·
537 456 778 568 antiquius,
807 454 979 566 ideoque
1002 450 1158 564 longius
1185 453 1472 534 accersendum
1492 446 1712 534 contenda.
1743 449 1924 531 Natum·

541 596 601 654 est
623 595 768 651 nomen
787 565 887 650 illud
904 567 947 649 in
966 568 1057 650 Asia
1074 571 1230 650 minore
1250 626 1259 660 ,
1291 595 1393 681 quae
1410 593 1493 649 tota
1522 565 1607 647 fere
1627 623 1638 660 ,
1671 589 1823 680 quanta
1845 589 1920 672 par

540 709 631 779 tet,
655 681 847 795 appellata
863 707 921 765 est
934 681 1187 766 Macedonia.
1224 680 1380 775 Plinio,
1404 681 1487 767 Lib.
1500 687 1552 767 V.
1573 681 1816 764 Macedones
1831 679 1918 758 Ca·

542 799 666 882 dueni
680 799 772 879 'sunt
788 801 830 877 iu
852 797 1002 910 Lydia,
1032 797 1278 880 Macedones
1290 800 1459 907 Kyrcani
1485 800 1527 876 in
1541 799 1659 909 Jsonia
1674 851 1695 889 r
1709 791 1919 877 Macedo.

541 943 612 997 nes
629 909 879 1002 Arschilacae
895 917 938 994 in
954 911 1124 994 Aeolide
1142 969 1153 1004 ,
1183 911 1537 1023 Mysotnacedoues
1561 916 1602 991 in
1618 917 1762 1023 Mysia.
1809 909 1915 997 Cir-

539 1027 819 1112 cumferuotut
853 1028 977 1109 etiam
1011 1030 1167 1111 nummi
1195 1049 1347 1108 veteres
1380 1029 1438 1107 M.
1472 1023 1640 1114 Aurelio·
1676 1033 1916 1138 imperante

538 1142 999 1254 fignativDocimensium
1017 1139 1287 1224 Macedonum·
1306 1145 1344 1221 in
1360 1139 1559 1254 Phrygia,
1589 1137 1845 1232 Commodo,
1868 1161 1915 1219 er

539 1255 729 1371 Philippo
755 1255 905 1339 seniore
930 1257 1212 1367 Hyrcanorum
1241 1256 1527 1338 Macedonum.
1588 1262 1702 1366 Quas
1726 1252 1915 1368 'quidem

539 1397 678 1483 gentes
695 1372 900 1453 communi
921 1370 1186 1452 Macedoniae
1217 1373 1382 1452 nomine
1401 1398 1487 1452 usas
1511 1366 1658 1464 fuisse,
1688 1370 1749 1450 vel
1778 1364 1913 1451 eriam

539 1489 769 1570 Artaxerxis
785 1485 988 1568 Persarum
1009 1489 1112 1598 regis
1140 1483 1389 1595 temporibus
1408 1507 1561 1566 constat
1581 1514 1630 1565 ex
1659 1483 1830 1565 Estlreris
1858 1479 1911 1564 li-

539 1600 612 1684 bro
635 1605 739 1705 Μ,
770 1597 1022 1682 ubidicitur:
1051 1600 1299 1705 Amanfilius
1322 1593 1539 1680 Amadathi
1559 1659 1574 1687 ,
1595 1601 1719 1676 auima-
1747 1617 1784 1676 et
1791 1615 1908 1706 gente

471 1811 476 1822 ¹
538 1714 722 1805 Macedo,
747 1714 957 1823 alienusque
975 1740 1001 1788 a
1017 1717 1209 1792 Persarum
1213 1710 1397 1823 fhnguirte
1413 1770 1423 1797 .
1442 1773 1476 1796 ,.
1507 1709 1568 1790 hoc
1593 1716 1751 1823 cogitans
1775 1731 1816 1789 ut
1840 1739 1905 1788 re-

534 1860 649 1943 gnum
664 1837 857 1910 Persarum
876 1824 1095 1934 tranpirret
1113 1834 1154 1906 in
1169 1827 1401 1913 Macedonas.
1443 1830 1509 1922 De
1529 1835 1743 1938 Europaeis
1761 1831 1901 1910 Mace·

535 1942 710 2028 donibus
720 1943 819 2026 haec
839 1939 960 2025 verba
973 1973 1053 2024 non
1071 1940 1151 2025 esse
1163 1941 1392 2055 accipienda
1406 1967 1558 2034 certum
1576 1965 1635 2024 est
1653 2001 1664 2036 ,
1693 1938 1899 2055 quou‘illi,

538 2083 637 2143 tune
653 2061 873 2171 temporis,
908 2063 1089 2167 angustis
1108 2055 1312 2144 Emathiae
1325 2061 1722 2153 terminiscontenti.‚
1755 2055 1906 2139 nullius

538 2203 663 2288 prope
689 2171 816 2256 essent
833 2175 1007 2255 nominis
1026 2231 1038 2267 ,
1069 2201 1149 2254 nec·
1165 2195 1322 2283 propter
1338 2172 1517 2254 locor-um
1533 2173 1870 2286 intercapedinem
1890 2231 1904 2266 5

541 2289 781 2400 suarumque
793 2290 993 2399 angustias
1010 2292 1151 2370 virium
1167 2290 1290 2370 Persis
1308 2293 1369 2370 uti
1382 2285 1556 2370 adversis
1571 2285 1817 2398 potuissent,
1835 2309 1903 2368 aut

537 2401 766 2488 voluissent.
807 2401 1054 2490 Macedones
1066 2429 1163 2514 ergo
1183 2400 1355 2484 Estheris
1375 2408 1404 2484 ii
1427 2398 1513 2483 sunt
1530 2398 1666 2514 populi
1687 2461 1698 2496 ‚
1729 2407 1800 2515 qui
1818 2405 1904 2482 uni.
1962 2429 1964 2438 ·

538 2547 693 2600 versam
720 2511 805 2597 fere
820 2517 936 2599 Asiae
951 2519 1114 2597 minoris
1129 2543 1237 2596 oram
1257 2522 1495 2599 maritimam
1510 2575 1525 2610 ‚.
1548 2514 1903 2599 mediterraneum-

540 2660 620 2748 qoe
635 2655 804 2714 tractum
822 2629 901 2712 late
915 2627 1161 2715 incolebant.
1204 2627 1263 2711 Ab
1277 2635 1332 2712 eis
1344 2630 1522 2744 profecta
1536 2629 1717 2720 colonia,
1737 2656 1904 2714 centum

538 2752 699 2830 circiter
713 2768 762 2826 et
795 2749 1084 2862 quinquaginta
1114 2749 1226 2826 annis
1250 2769 1342 2826 ante
1370 2743 1579 2828 Assuerum
1608 2744 1909 2846 Artaxerxem,

537 2889 701 2946 emenso
725 2865 823 2941 mari
846 2864 985 2971 Aegeo
1011 2857 1162 2972 appulit
1191 2863 1232 2940 iu
1253 2859 1508 2955 Emathiam,
1538 2859 1606 2942 ubi
1623 2881 1707 2943 tum
1726 2857 1902 2976 primitm

534 2978 640 3090 jacta
661 2979 752 3058 lunt
764 2979 876 3087 regui
890 2973 1140 3058 Macedonici
1156 2971 1264 3058 sedes
1285 3035 1295 3069 ‚
1324 3000 1445 3087 atque
1473 2971 1743 3062 fundamenta.
1774 2977 1900 3060 Colo·

535 3120 610 3176 nos
624 3089 711 3172 illos
729 3089 846 3172 fuisse
865 3090 996 3202 Lydos
1008 3087 1256 3175 Macedonas
1270 3086 1404 3171 suadet
1422 3089 1567 3202 Lydius
1578 3086 1727 3173 flumen
1746 3120 1768 3173 a
1786 3098 1898 3175 novis

537 3207 589 3288 fic
612 3203 914 3286 denominatum
943 3203 1081 3286 incolis
1106 3207 1147 3284 iu
1176 3208 1409 3288 memoriam
1438 3203 1588 3316 Lydiae
1614 3211 1765 3316 patriae
1793 3203 1898 3290 suae.

536 3318 676 3403 Strabo
688 3325 714 3414 ',‘
733 3316 820 3398 Lib.
845 3323 931 3408 xil.
957 3321 1015 3401 ait
1042 3318 1191 3432 Lydiae
1213 3317 1376 3433 populos
1402 3343 1497 3432 post
1513 3320 1687 3428 Trojano
1718 3345 1899 3438 tempora

534 3441 576 3518 in
594 3443 788 3548 Europam
805 3428 1105 3546 commigrasse:
1143 3463 1244 3546 quae
1267 3431 1357 3516 saue
1375 3437 1653 3547 commigratio
1676 3433 1899 3522 sententiae

537 3573 694 3633 nostrae
717 3547 851 3632 favere
878 3547 1069 3644 videtur,
1095 3551 1333 3660 praesertim·
1353 3546 1445 3630 ciam
1474 3548 1666 3632 Asiaticos
1697 3559 1900 3664 Europam

537 3661 754 3776 pervasisse·
775 3661 957 3774 saepius„
978 3686 1021 3744 et
1045 3663 1212 3747 coloniis
1234 3661 1500 3776 frequentasse
1523 3665 1630 3746 idem
1650 3694 1902 3748 commemo·

538 3802 599 3860 ret
617 3813 629 3872 5
657 3801 701 3859 ut
717 3775 849 3857 sileam
867 3776 917 3858 de
936 3775 1081 3892 Pelope
1097 3781 1112 3882 [
1126 3773 1173 3883 b]
1186 3839 1197 3868 ,
1229 3781 1335 3892 quie
1352 3778 1520 3892 Phrygia
1534 3772 1664 3861 lecum
1675 3787 1895 3886 transvexit

535 3891 705 4008 populos
717 3897 758 3972 in
777 3891 1109 3976 denominatama
1125 3891 1162 3976 le
1178 3894 1501 4007 Peloponnesum.
1549 3898 1774 4010 Regionem
1790 3894 1904 3980 hanc·

537 4008 802 4092 Macedoniae
831 4010 1051 4118 proximam
1070 4007 1166 4102 nulli
1185 4039 1264 4092 uon
1290 4033 1441 4093 notum.
1488 4011 1565 4093 Sed
1585 4009 1635 4092 de
1651 4009 1716 4094 liis·
1729 4009 1829 4095 aliis¹
1846 4018 1898 4095 in.

536 4122 702 4233 majori,
728 4121 837 4234 quod
854 4121 1040 4206 molimur
1053 4185 1072 4214 ,.
1089 4153 1219 4236 opere..
1260 4129 1506 4212 M‘aeetarum
1526 4125 1807 4210 Bacchicarum
1823 4157 1895 4208 uo-

533 4267 626 4330 meu
645 4265 743 4349 ergo
765 4235 1022 4320 derivandum
1045 4267 1069 4319 a
1097 4244 1291 4328 Macetis.
1321 4241 1385 4324 seu
1416 4241 1709 4328 Macedonibus
1733 4249 1744 4340 (
1770 4241 1896 4328 verba

536 4349 626 4438 sum
652 4349 894 4466 synonima)
931 4355 1140 4444 Asiaticis,
1169 4353 1359 4469 aquibus
1388 4357 1566 4442 colonias.
1590 4384 1630 4443 et
1656 4359 1784 4474 Orgia
1809 4387 1899 4446 nora
1959 4467 1970 4482 ι

619 4613 687 4695 [a]
712 4567 969 4712 incalceoperisy‚
983 4635 1026 4680 tt.
1039 4633 1068 4678 et
1083 4634 1127 4694 rt.
1205 4615 1267 4700 [b]
1293 4617 1391 4684 Straba
1415 4617 1478 4683 Lib.
1497 4621 1566 4693 VIIL

1756 4825 1884 5027 tf
