4218 5484
527 422 585 510 n
717 365 735 454 ἵ
842 413 941 504 ns
1012 403 1598 507 crsromrours:
1750 428 1752 439 ·

531 543 638 628 bant.
693 541 801 625 Alios
829 543 898 626 alii
909 547 1088 626 canistris
1104 541 1299 636 inclusos,
1325 542 1391 624 alii
1407 544 1532 626 taedis
1548 540 1794 656 implicitos,
1823 567 1894 626 aut

536 661 679 772 thyrsis
697 655 928 771 obrepentes
955 655 1170 770 gestabant.
1231 657 1584 770 UndeOrgiorum
1604 655 1725 739 veluti
1741 657 1895 770 sgnum

539 802 589 854 ex
619 771 800 854 instituto
823 767 978 884 serpens
994 769 1152 854 habitus
1172 777 1261 873 (a).
1308 773 1522 882 Orgiastiei
1545 770 1739 884 serpentes
1753 773 1810 854 illi
1826 801 1896 852 eo·

536 918 625 970 rum
641 887 691 969 de
709 913 857 999 genere
873 913 987 970 erant
999 947 1009 975 ,
1022 914 1121 1000 quos
1142 889 1282 970 Graeci
1299 881 1442 1000 caedar
1462 911 1622 968 vocant.
1658 883 1819 975 Natural
1832 883 1891 968 sa-

537 999 661 1096 ciles,
685 1000 790 1083 etad
803 1003 1087 1083 cicurationem
1103 1005 1271 1111 prompti
1297 1036 1307 1079 :
1339 998 1521 1082 mordere
1534 1003 1679 1102 etiam,
1711 1026 1896 1083 autmor-

538 1145 600 1198 sos
613 1114 814 1198 doloribus
827 1113 984 1198 afficere
997 1119 1119 1198 nescii
1141 1119 1153 1208 l
1172 1108 1193 1187 b
1209 1124 1240 1217 ).
1274 1113 1394 1196 Tales
1406 1113 1642 1197 crediderim
1660 1174 1671 1209 ,
1688 1142 1787 1228 quos
1803 1118 1895 1196 Bac·

538 1231 655 1312 chico
674 1233 823 1342 percita
842 1228 977 1312 furore
998 1226 1206 1342 Olympias
1224 1228 1352 1340 Orgia
1374 1256 1592 1341 peragens,
1617 1229 1668 1311 ad
1698 1231 1898 1311 incutien-

538 1344 637 1427 dum
651 1341 933 1456 spectatoribus
946 1366 1138 1425 terrorem
1156 1400 1168 1428 ,
1187 1371 1237 1423 ex
1256 1341 1432 1439 hedera,
1463 1367 1505 1424 et
1516 1341 1690 1455 mysticis
1707 1348 1812 1426 cistis
1827 1341 1897 1425 ob·

538 1484 724 1572 repentes
746 1456 991 1572 producebat
1012 1491 1025 1551 5
1052 1456 1114 1540 vel
1139 1454 1210 1569 qui
1239 1463 1422 1547 Romae,
1452 1457 1555 1570 apud
1586 1463 1722 1542 Bonae
1746 1467 1896 1554 Deae,

532 1603 610 1658 nee
625 1599 845 1670 terrentes,
881 1601 956 1656 nee
971 1575 1156 1658 timentes
1167 1593 1296 1655 crant.
1338 1578 1382 1654 ln
1399 1574 1646 1672 recensendis
1666 1576 1899 1656 Lanuvinae

536 1692 713 1801 Virginis
730 1747 741 1784 ,
767 1691 835 1772 Ti.
848 1687 1026 1773 Caesaris
1042 1695 1119 1773 &e
1138 1685 1334 1770 cicuribus
1348 1683 1590 1799 serpentibus
1605 1687 1896 1771 immorandum

538 1833 622 1886 non
636 1824 717 1888 est·
755 1807 883 1888 Fictos
903 1798 1144 1916 quandoque
1159 1799 1355 1915 serpentes
1372 1829 1421 1884 ex
1439 1796 1559 1898 aurci,
1580 1802 1707 1888 aliove
1734 1798 1899 1885 metallo

540 1946 613 2030 pro
640 1921 823 2029 genuinis
850 1915 1067 2030 suppositos
1086 1921 1128 1999 in
1146 1913 1281 2029 Orgiis
1296 1917 1442 2006 docent
1458 1918 1677 2015 Clemens,
1707 1941 1748 2000 et
1767 1931 1895 2000 Arno-

540 2031 650 2120 hius‚
673 2029 911 2116 affirmantes
928 2060 1091 2118 aureum
1106 2059 1277 2143 anguem
1298 2035 1543 2117 initiatorum
1560 2039 1603 2116 in
1618 2032 1899 2115 smumdemit-

536 2153 583 2232 ti.
620 2149 678 2227 Ex
692 2145 986 2232 Indieassaechi
998 2145 1253 2259 expeditione
1266 2148 1434 2231 traducti
1447 2147 1631 2230 videntur
1647 2147 1841 2260 serpentes
1854 2149 1896 2228 in

539 2263 696 2372 Orgia,
727 2291 898 2375 quorum
923 2266 1021 2344 ritus
1049 2259 1209 2374 plurimi
1230 2261 1281 2344 ad
1302 2261 1405 2344 illius
1422 2260 1683 2374 expeditionis
1697 2258 1897 2374 exemplar

427 2423 433 2436 ¹
537 2375 743 2462 informati
767 2373 869 2460 sunt.
913 2373 1272 2460 Commilitonibus
1287 2373 1362 2460 suis
1393 2374 1613 2490 serpentem
1633 2375 1808 2467 Bacchus
1822 2369 1895 2458 de·

536 2491 650 2574 derat
681 2491 804 2575 baltei
831 2496 920 2575 vice
947 2490 1202 2604 gerendum,
1227 2489 1448 2604 serpentem
1478 2494 1561 2603 ipse
1581 2520 1651 2602 pro
1672 2489 1896 2574 diademate

482 2613 484 2620 ⁴
538 2633 689 2720 gerens.
741 2607 889 2719 Neque
904 2607 945 2688 id
959 2605 1075 2700 satis,
1104 2602 1197 2688 clam
1212 2603 1282 2688 sub
1299 2611 1473 2720 imagine
1487 2604 1675 2718 serpentis
1689 2637 1780 2689 eum
1800 2610 1897 2688 Dio

535 2721 715 2834 nysopoii
738 2727 780 2803 in
803 2721 978 2810 Thracia
998 2718 1113 2804 fuisse
1136 2721 1344 2804 adoratum
1362 2721 1544 2803 ostendat
1565 2725 1693 2804 Pasini
1711 2751 1899 2805 nummus

539 2835 610 2921 sub
632 2837 839 2920 Gordiano
860 2839 931 2919 Pio
955 2835 1143 2947 fignatus.
1199 2836 1545 2926 'I'anraBacchum
1563 2840 1665 2918 inter
1684 2858 1724 2919 et
1739 2834 1897 2950 serpen-

538 2977 622 3035 tem
639 2951 878 3035 necellrtudo
894 2981 943 3032 ex
969 2980 1018 3033 co
1033 2954 1157 3062 repeti
1181 2975 1307 3062 potest
1325 3011 1337 3041 ,
1367 2947 1477 3065 qubd
1495 2977 1538 3035 ut
1553 2949 1727 3034 Bacchus
1745 3011 1756 3046 ,
1782 2957 1837 3036 ita
1854 2976 1896 3034 ct

537 3065 693 3180 serpens
715 3061 875 3150 aetem&
897 3065 1110 3176 juventute
1130 3061 1268 3149 floreat
1285 3102 1297 3162 3
1331 3065 1392 3148 vel
1407 3069 1501 3180 quia
1525 3064 1703 3179 serpente
1718 3067 1821 3149 duee
1839 3069 1913 3147 vi-.

541 3213 641 3266 num
665 3204 707 3264 et
723 3181 859 3294 fruges
880 3184 1079 3263 invenerit
1101 3215 1111 3273 ς
1146 3177 1209 3261 seu
1226 3176 1338 3293 qudd
1357 3180 1555 3263 Bacchum
1573 3209 1596 3261 e
1612 3178 1764 3264 femore
1783 3183 1898 3294 jovis

487 3299 499 3320 ”
538 3295 676 3380 reeens
701 3298 853 3380 editum
872 3299 1082 3376 cinxerunt
1097 3298 1243 3378 Parcae
1269 3296 1509 3380 immanibus
1523 3295 1718 3408 anguibus
1739 3355 1753 3392 ,
1779 3300 1896 3379 inno-

537 3411 602 3496 xie
621 3437 756 3496 tamen
772 3439 815 3493 os
832 3415 944 3526 pueri
957 3407 1238 3498 lambentibus
1281 3496 1284 3502 .

346 3691 388 3774 ¹4.
407 3661 526 3760 besan·
614 3638 954 3754 Quamhactenus
969 3643 1010 3722 in
1023 3637 1270 3755 Cistophoris
1282 3638 1507 3755 pharetram
1524 3641 1733 3738 viderant,
1758 3665 1828 3726 aut
1841 3646 1898 3724 vi·

341 3748 526 3860 no'mysnca.
542 3758 637 3842 dere
667 3755 706 3842 se
737 3756 809 3841 fibi
832 3781 1106 3869 persuaserant
1127 3785 1269 3840 omnes
1294 3755 1345 3840 ad
1371 3787 1494 3841 uuum
1518 3757 1898 3872 Numismographi,

541 3905 717 3960 vannum
742 3901 767 3954 a
796 3869 910 3954 nobis
926 3868 1115 3982 appellari
1130 3928 1131 3931 κ
1144 3871 1350 3956 mirabitur
1375 3867 1522 3961 nemo,
1551 3875 1619 3986 qni
1634 3873 1685 3955 ad
1701 3902 1896 3986 praesum-

543 4018 653 4106 ptam
677 3987 900 4102 pharetram
925 3983 1061 4068 oeulos
1087 3984 1278 4070 curiosilss
1294 3987 1494 4098 adjecerit.
1550 3989 1811 4074 Pharetrasin
1830 4018 1898 4072 ve-

542 4105 690 4191 teribus
708 4106 880 4185 nummis
896 4126 1080 4212 angustas
1096 4107 1289 4198 ommno,
1313 4103 1500 4188 rotundas
1515 4101 1689 4217 saepius,
1716 4128 1757 4186 et
1776 4108 1898 4190 instar

545 4221 709 4304 thaecae
731 4215 992 4299 recondendis
1011 4212 1157 4330 sagittis
1173 4219 1487 4302 accommodatas
1499 4218 1635 4301 videre
1650 4242 1722 4302 est.
1744 4229 1900 4312 Contra

541 4331 639 4419 verb
658 4331 839 4446 impressa
857 4331 1108 4444 Cistophoris
1125 4331 1251 4446 figura
1266 4338 1306 4414 in
1322 4334 1444 4416 latum
1460 4333 1688 4448 producitur
1706 4369 1718 4428 ς
1740 4361 1903 4421 arcuata

547 4447 758 4565 equidem,
787 4469 828 4530 at
852 4443 1038 4540 lateribus
1067 4445 1282 4531 hincinde
1310 4446 1624 4562 prominentibus
1641 4445 1900 4564 semiaperto,

626 4713 692 4790 [ι]
719 4707 849 4774 clement
860 4705 1128 4790 alesintnnept.
1209 4705 1269 4789 [b]
1287 4707 1379 4773 schol.
1391 4673 1533 4790 Aristuph.
1551 4675 1582 4770 in
1594 4707 1719 4774 Plutum.
