4218 5484
509 361 608 456 nr
676 357 1253 458 crsrorrronrs.
1470 394 1551 482 x2,

202 487 420 603 imaginem
436 489 620 578 oolcbant
636 496 650 591 (
668 505 737 598 u).
757 491 949 578 Bacchica
964 493 1220 580 hermarenea
1234 551 1247 591 ,
1263 517 1365 606 quae
1380 499 1559 607 quamvis
1582 501 1584 510 '

203 598 287 686 hirc
304 601 483 705 saciant,
510 610 623 692 taciti
635 611 983 719 praetermittimus
996 605 1043 709 (b
1054 622 1090 717 ).

228 907 236 922 ·
299 860 347 942 in
373 851 519 940 celebri
543 849 748 940 Thesauro
777 849 1073 960 Fridericiano,
1101 881 1222 968 quem
1253 879 1379 966 nuper
1410 848 1557 966 publici
1617 903 1658 972 ,ᾗ
1672 899 1715 962 „e
1727 898 1770 963 st,

200 966 302 1078 juris
330 967 428 1052 fecit
454 965 653 1052 Eruditiss.
700 961 950 1054 Christianus
982 968 1252 1080 sigismundus
1274 964 1424 1062 Liebe,
1453 971 1650 1050 interula.
1761 967 1770 1012 ·'

210 1085 403 1166 Gentium
421 1093 689 1174 Romanarum
705 1109 887 1167 nummos
902 1079 1074 1165 refertur
1084 1081 1344 1196 cistophorus
1359 1081 1436 1193 Ap.
1448 1079 1564 1164 Clau·

181 1293 185 1302 Ι
206 1193 267 1276 dii
281 1196 449 1290 Pulchri.
493 1195 635 1282 Latere
659 1194 809 1280 sinistro
826 1198 946 1311 partis
962 1191 1089 1292 illius,
1116 1200 1254 1308 inqua
1272 1192 1471 1309 serpentes
1488 1223 1563 1279 ne-

209 1307 327 1392 xibus
348 1311 424 1394 suis
440 1330 614 1416 vannum
635 1308 844 1408 obsident,
870 1308 973 1396 duae
984 1305 1072 1393 sunt
1088 1307 1249 1395 serulae.
1285 1305 1442 1395 Baccho
1457 1307 1566 1392 feru-

209 1420 289 1506 iarn
305 1423 523 1535 adjudicari
535 1423 704 1516 Plinius,
727 1424 944 1521 Aristides,
959 1446 1001 1506 et
1015 1419 1080 1508 alii
1094 1423 1240 1506 docent
1254 1427 1269 1521 (
1284 1437 1328 1530 c)
1345 1459 1354 1504 s
1372 1422 1450 1537 qu'a
1465 1420 1564 1524 perd

208 1533 265 1618 de
279 1565 422 1633 causa,
454 1536 573 1642 nobis,
587 1544 629 1622 in
660 1561 861 1652 comperto
893 1555 1077 1624 nonest.
1114 1543 1407 1650 Argumentum
1425 1561 1562 1621 tamen

207 1675 261 1732 ex
276 1679 326 1733 eo
341 1651 484 1736 deduci
504 1647 608 1738 forte
626 1675 753 1765 potest
776 1711 788 1746 ,
815 1645 926 1764 qudd
949 1650 1122 1734 Bacchus
1139 1649 1336 1736 humanae
1350 1655 1457 1734 vitae
1472 1677 1563 1747 con-

210 1760 382 1849 servator
398 1823 409 1855 ,
426 1763 727 1880 medicinaeque
742 1769 925 1848 inventor
945 1822 957 1859 ,
985 1786 1027 1846 et
1042 1765 1156 1848 Deus
1172 1762 1328 1849 habitus
1344 1769 1394 1848 sit
1411 1799 1424 1860 ς
1453 1764 1560 1849 seru-

213 1875 252 1958 la
273 1899 408 1962 aurern
435 1877 486 1963 ad
513 1880 828 1974 restituendam,
861 1873 1423 1991 conservandamquesalutem
1439 1875 1559 1965 utilis.

157 2019 162 2025 ·
212 1993 409 2077 Fruticem
421 1991 527 2077 hunc
539 1993 809 2080 ,animantibus
824 1989 1100 2092 mortiferum,
1129 2021 1211 2074 uno
1230 2013 1399 2106 excepto
1414 1995 1525 2077 asino
1544 2049 1557 2089 ,

211 2129 254 2188 et
268 2103 783 2214 hominibusmedicinalem
798 2105 919 2190 tradit
933 2105 1083 2190 Plinius
1094 2104 1214 2188 idem.
1263 2104 1425 2192 Ferulae
1442 2103 1555 2205 solia,

133 2223 136 2228 ’
212 2219 408 2311 autflenti
434 2218 574 2305 surculi
599 2219 855 2335 intelligenda
873 2225 1038 2302 veniunt
1054 2221 1161 2334 apud
1182 2217 1436 2314 Clementem
1460 2219 1557 2305 Ale·

213 2333 333 2426 nand.
353 2332 421 2416 nbi
436 2333 487 2417 de
504 2332 735 2447 Orgiast'icis
749 2335 853 2418 cistis
863 2336 956 2446 agie
994 2333 1357 2418 Bacchicaetaedae
1378 2363 1459 2417 non
1474 2333 1552 2418 alio

211 2445 460 2545 constabant,
487 2443 883 2562 quim-durdserulae
900 2448 1021 2560 ligno.
1061 2445 1140 2546 (d)
1163 2449 1408 2532 Utcruentis
1423 2444 1554 2532 ebrio-

211 2556 342 2644 sorum
354 2563 571 2675 Orgiorurn
582 2565 675 2645 rixis
687 2562 1272 2658 occurreretur,'Bacch'antium
1283 2565 1447 2675 'quoque
1462 2559 1555 2645 has-

211 2695 273 2756 tas
289 2673 420 2758 voluit.
430 2674 603 2759 Bacchus
619 2671 699 2772 esse
713 2703 762 2758 ex
777 2673 848 2758 illo
863 2675 1034 2773 frutice,
1057 2701 1103 2761 ut
1119 2697 1211 2790 pote
1227 2673 1471 2789 gravioribus
1490 2677 1556 2759 in-

213 2785 395 2899 fligendis
414 2787 639 2874 vulneribus
654 2811 812 2903 propter
832 2792 1009 2873 innatam
1037 2787 1238 2902 levitatem
1265 2787 1430 2873 inhabili
1452 2795 1555 2895 (e),

213 2927 456 3017 quamquam
484 2903 549 2988 vel
573 2897 777 2986 durissima
796 2901 884 2985 saxa
901 2897 1075 2987 Bacchus
1088 2931 1186 3017 puer
1204 2899 1334 2986 serulal
1345 2902 1560 3014 confrege-

215 3017 269 3096 rit
290 3012 380 3122 (f).
421 3014 570 3099 'Msllei
581 3012 852 3112 etfornram,
875 3038 918 3099 et
933 3043 1078 3098 nornen
1098 3015 1334 3130 quandoque
1355 3013 1488 3098 sortita
1502 3038 1564 3100 est

214 3123 343 3235 serula
366 3181 379 3225 ,
405 3131 515 3242 cujus
534 3127 680 3226 surculi
707 3135 906 3244 utrimque
933 3126 1167 3242 capitulati,
1196 3153 1241 3213 ut
1260 3133 1488 3242 exprimitur
1515 3132 1567 3213 in·
1641 3137 1644 3142 ’

142 3309 144 3315 ,
213 3242 509 3354 Fridericiano,
535 3243 773 3340 ct'Creteusi
787 3241 1065 3357 cistophoris,
1088 3241 1262 3328 malleoli
1280 3249 1560 3339 etiamnum-j

214 3373 280 3440 tut
300 3363 400 3471 (gp).
441 3355 712 3468 Tertullianus
722 3355 957 3443 ‘dei'lutone
977 3392 992 3438 .·
1011 3360 1169 3437 Risimus
1195 3355 1285 3472 quid
1307 3361 1412 3438 Ditis
1459 3377 1556 3455 uter,
1596 3431 1602 3444 ,

202 3466 333 3575 frum
342 3475 456 3580 Jovis
463 3470 712 3584 gladiatorum
727 3475 899 3586 exequias.
909 3499 993 3586 sung
1000 3471 1131 3551 musico
1145 3471 1289 3550 deducit
1307 3531 1319 3569 ,
1347 3468 1410 3582 qui
1449 3478 1556 3551 Mer-

214 3589 329 3665 curius
347 3577 481 3694 cu'rpsru
499 3585 806 3686 exanimatujum
822 3604 966 3663 mortem
983 3612 1028 3661 ue
1048 3584 1243 3680 simulent„
1270 3611 1290 3660 e
1307 3588 1471 3670 cauterio..
1471 3607 1554 3695 pro-

217 3691 383 3800 hurih).
428 3701 486 3781 Eo
503 3699 581 3804 ioci
596 3761 612 3797 a,
638 3695 784 3784 etalio
800 3697 903 3812 apud
920 3697 1101 3787 Tullium*
1115 3709 1127 3799 (
1140 3693 1210 3808 i),
1242 3697 1404 3784 malletis
1420 3698 1527 3782 i'dem
1544 3759 1558 3797 ,

213 3807 605 4005 quiGraecisrdpbsp
630 3805 795 3925 iulpsulis
819 3836 859 3895 et
874 3818 997 3896 veteri
1019 3809 1243 3908 Glossario:
1269 3817 1391 3924 Virga
1406 3808 1561 3900 bacillus

214 3953 263 4002 ex
280 3921 582 4036 medicinaliseru
598 3953 625 4004 a
644 3962 657 4023 3
684 3919 802 4042 quia,
827 3945 927 4010 reste
939 3925 1100 4022 Plinio,
1125 3925 1224 4010 nulli
1240 3923 1428 4010 fruticum
1455 3925 1557 4014 levi·

214 4045 274 4122 t'as
301 4043 453 4152 major:
481 4041 533 4124 ob
552 4043 594 4125 id
618 4031 944 4154 gestata·fac'ilihs
962 4035 1211 4122 bacculoru'm
1235 4065 1348 4122 usum
1365 4037 1557 4124 senectuti

214 4156 379 4268 praebet
394 4156 444 4250 (d
459 4166 487 4260 l·
525 4155 680 4248 ferulei
705 4157 826 4266 igitur
847 4152 1008 4256 fuerunt
1022 4151 1150 4244 baculi
1168 4175 1246 4272 ,set
1262 4151 1490 4272 frequentes
1511 4155 1556 4238 in

223 4391 230 4402 ·
276 4330 367 4480 ’ω
383 4371 578 4483 merosus.
590 4371 849 4480 sinistrarum.
862 4389 1045 4478 insanos·
1121 4382 1554 4470 rspsrtsunoceuusnue:

217 4467 273 4548 Μ
297 4468 436 4586 Μ
449 4471 693 4598 ΜΜ
706 4465 803 4614 Μ
820 4468 917 4606 m*
953 4462 1072 4614 lui:
1084 4463 1553 4623 ,ril1¹1³⁰rs·,.⁵rrz;zl¹l

212 4549 383 4690 &lissinis
391 4547 876 4711 Ciisiiowililcgigstnteiiiti
920 4613 922 4620 ,
945 4567 1008 4692 gli
1021 4632 1034 4704 l
1047 4605 1129 4702 i²li¹=
1139 4585 1351 4706 abiline.
1362 4609 1460 4704 xima
1475 4693 1479 4700 .
1494 4561 1530 4628 m
1553 4623 1561 4704 Ϊ

1208 4713 1252 4800 G
