1054 1371
266 101 295 124 5²
415 89 465 113 DE
500 85 786 112 CISTOPHORIS.

263 132 317 151 mate
324 140 330 149 ‚
338 124 432 145 Romano
439 129 460 144 et
466 124 547 145 Graeco
554 136 560 145 ,
573 121 704 148 conscriptam
710 134 716 141 ‚
726 126 769 141 cum
777 117 897 147 serpentibus
912 119 918 142 ζ
927 116 943 137 fi

264 161 332 176 tamen
339 160 402 174 unum
410 167 417 176 ‚
432 157 467 173 aut
474 151 560 172 alterurn
567 150 652 178 excipias
663 163 668 172 ,
684 155 734 177 quos
740 155 763 169 ea
768 149 795 170 de
802 155 861 169 causa
867 147 945 169 curabi-

265 191 309 205 mus
315 182 426 208 delineari)
441 187 529 202 vannum
541 177 682 200 obsidentibus.
707 177 827 205 Huiusmodi
836 183 866 198 est
874 176 945 205 Segui-

265 214 336 235 nianus
341 213 378 233 iste
385 209 461 233 temere
466 208 566 238 expressus
573 206 638 229 forma
643 205 704 236 longe
710 206 894 236 majoriarchetypo
899 205 945 227 suo.
956 218 959 220 -

304 549 411 578 Supremus
420 549 441 569 in
454 555 479 569 eo
489 547 612 577 cistophoro
625 552 709 576 uterque
717 546 826 577 appellatur
836 547 943 575 Magistra.

267 583 300 599 tus
310 593 315 602 ‚
331 585 396 598 rerum
405 577 494 598 civilium
502 591 508 601 ,
524 576 630 598 Proconsul
641 586 646 601 ς
662 576 760 599 sacrarum
769 592 775 601 ‚
785 577 873 605 Pry'tanis
882 591 887 599 ,
896 582 946 603 quo—

265 614 309 628 rum
318 607 409 635 auspiciis
419 622 425 631 ,
440 613 461 627 et
468 607 574 627 autoritate
583 606 681 627 celebrata
690 606 747 628 fuere
755 605 842 628 Sabazia.
866 604 946 625 Adduc-

269 642 311 657 tam
320 643 332 657 a
340 636 437 657 Romanis
447 650 452 658 ‚
467 635 501 656 ubi
509 635 556 656 Asia
567 636 624 663 potiti
637 635 680 656 sum
690 651 696 660 ,
707 635 870 657 c'onsuemdinem
878 634 945 654 Cisto-

268 665 341 694 phoros
351 664 486 686 Proconsulari
502 665 584 686 nomine
601 663 735 689 inscribendi,
747 671 817 685 eorum
830 662 947 691 Cistophori

268 693 382 722 superstites
388 693 495 715 declarant.
523 693 586 716 Unde
596 700 679 722 arguere
686 693 734 715 licet
744 693 872 714 proconsules
880 691 946 712 vindi-

267 729 313 744 cato
320 722 355 743 fibi
363 730 428 743 rerum
435 722 524 743 civilium
532 721 622 750 supremo
627 722 671 750 jure
683 737 688 745 ,
705 730 765 744 unam
778 722 878 743 sacrorum
890 720 949 748 juris-

267 751 378 772 dictionem
386 750 501 779 Prytanibus
507 750 614 779 reliquisse.
631 753 655 772 Et
662 750 714 772 hane
721 753 784 780 ipsam
792 757 873 779 quoque
879 749 913 770 fibi
919 750 949 769 in—

268 780 348 801 terdurn
356 779 455 807 arrogasse
464 779 592 801 Proconsulcs
597 779 753 807 jurisdictionem
760 796 765 803 ‚
777 780 906 808 Prytanisque
913 784 950 797 no-

268 816 314 830 men
323 815 343 829 et
352 809 420 829 munia
426 824 431 831 ,
445 808 526 830 faciunt
534 807 618 836 fiispicer
625 807 654 836 Q.
661 809 746 830 Caecilii
758 808 837 831 Metelli
844 809 873 829 Pii
881 808 947 828 Cisto-

269 837 343 866 phorus
350 852 355 860 ,
367 838 387 857 in
394 844 435 866 quo
442 843 463 858 et
471 837 594 858 Proconsulis
602 839 661 859 unius
668 852 674 862 ‚
683 839 787 867 antiquato
795 838 874 858 Graeco
882 838 951 864 Pryta-

267 873 306 889 ηε,
320 868 410 890 ωεῃῐίσ,
425 872 446 890 et
461 865 527 895 aquila
543 868 635 888 Romana
647 882 653 890 ,
666 868 783 896 geminique
799 873 875 895 angues
885 881 892 890 ,
902 864 949 885 toti,-

267 895 315 918 dem
321 894 386 917 sacrae
396 894 499 925 civilisque
504 896 617 917 autoritatis
622 896 658 916 insi
659 897 716 925 guia.

909 1208 957 1232 -Nil
