4212 5496
537 461 645 560 '72'
845 439 945 534 nn
997 435 1564 536 crsTotr-roxrs.

550 571 831 656 frumentarios
852 570 1026 656 hostibus
1043 572 1305 656 intercludere
1330 574 1431 654 tanti
1453 577 1529 665 sit,
1555 593 1600 652 ut
1624 565 1664 650 id
1682 577 1902 652 commenss

536 687 622 771 dari
641 692 815 771 nummis
830 712 1026 772 mereatur
1049 748 1059 783 ,
1085 713 1155 770 aut
1175 715 1356 770 nummos
1372 684 1456 766 fieri
1483 688 1706 802 curaverint
1740 680 1808 764 soli
1834 685 1900 769 M.

537 807 720 917 Oppius,
747 803 797 889 C.
822 804 1035 898 Fonteius,
1061 805 1108 884 L.
1129 803 1360 896 Atratinus,
1391 800 1548 912 Eppius.
1578 795 1743 912 Eppium
1756 796 1899 911 appel-

538 914 734 1012 lavimus,
757 921 852 1031 quia
868 922 909 1000 in
928 943 1117 1030 argenteo
1134 920 1217 1029 eius
1233 915 1395 999 denario
1411 938 1622 996 occurrunt
1640 911 1806 996 eaedem
1827 914 1901 996 lit-

538 1056 647 1116 terae
662 1035 703 1117 F.
720 1035 768 1116 C.
786 1059 881 1145 quas
902 1035 985 1145 pari
1009 1033 1201 1140 methodo
1225 1029 1428 1114 nobiscum
1446 1027 1776 1140 interpretaberis.

610 1149 669 1256 Q
718 1149 917 1231 METEL.
963 1149 1139 1232 SCIPIO
1177 1150 1288 1233 IMP.
1344 1147 1475 1256 Caput
1497 1139 1651 1227 Africae
1672 1139 1902 1257 elephantis

539 1260 770 1378 proboscide
801 1266 959 1375 rigent,
991 1258 1259 1349 srnistrorsitm.
1317 1267 1350 1360 )(
1385 1262 1559 1348 EPPIVS
1603 1259 1724 1346 LEG.
1767 1262 1812 1343 Ρ.
1844 1257 1901 1340 C.

539 1381 669 1486 Eppius
685 1375 1320 1488 Legatusfoedrratarumcopiarum.
1353 1374 1546 1458 Hercules
1561 1373 1689 1457 nudus
1709 1371 1894 1458 dextror-

539 1489 627 1586 stim
642 1521 853 1576 conversus
865 1516 965 1587 stat,
987 1490 1126 1576 dextri
1141 1489 1252 1575 lateri
1267 1485 1485 1604 compositi
1501 1549 1511 1578 ‚
1534 1484 1644 1570 laevi
1664 1485 1791 1603 spoliis
1806 1484 1897 1571 leo-

539 1607 644 1690 ninis
667 1605 833 1703 onusti,
860 1631 901 1690 et
923 1607 1056 1692 clavae
1083 1603 1231 1689 innixi.
1285 1609 1395 1690 Dum
1420 1603 1580 1687 devicto
1604 1600 1834 1688 Pharsalicis
1852 1607 1898 1688 in

540 1726 688 1834 campis
711 1728 902 1833 Pompeio
920 1782 931 1816 ,
957 1721 1085 1836 Julius
1101 1723 1244 1805 Caesar
1260 1723 1301 1801 in
1317 1719 1587 1802 Alexandrino
1605 1717 1710 1801 bello
1731 1718 1894 1801 detine·

540 1860 679 1930 retur,
711 1840 767 1948 Q
798 1835 986 1922 Metellus
1014 1842 1175 1950 Scipio,
1202 1833 1333 1918 etalii
1363 1839 1539 1946 Pompeii
1568 1833 1688 1918 duces
1716 1834 1895 1917 collectis

541 1951 739 2034 exercitiis
755 1951 941 2064 relliquiis
958 2012 966 2045 ,
992 1975 1031 2035 et
1047 1948 1297 2064 partiraiinter
1314 1945 1352 2032 se
1364 1947 1605 2060 Pompeiani
1619 1945 1738 2032 classe
1752 1948 1891 2032 dicun-

541 2089 605 2147 tur
620 2063 846 2148 convenisse
863 2074 904 2148 in
920 2063 1051 2150 Africa
1069 2066 1172 2180 apud
1183 2065 1325 2180 Jubam
1342 2091 1477 2177 regem
1494 2061 1641 2148 bellum
1663 2067 1894 2177 reparaturi.

539 2179 843 2266 Foederatorum
867 2185 1068 2294 copiarum
1089 2189 1257 2293 [egatus
1274 2176 1341 2262 sub
1362 2181 1542 2290 Scipione
1564 2185 1814 2262 renunciatus
1833 2203 1890 2261 est

539 2295 698 2409 Eppius.
737 2301 890 2409 Scipio,
916 2300 1027 2409 cujus
1045 2300 1341 2409 nomeningcns
1358 2299 1397 2375 in
1415 2291 1575 2390 Africa,
1593 2297 1713 2404 ipsius
1730 2293 1888 2377 Africae

540 2439 657 2524 caput
676 2409 860 2526 expressit
876 2415 916 2494 in
936 2413 1014 2495 hoc
1028 2411 1222 2499 denario,
1249 2434 1292 2491 ut
1307 2408 1539 2520 significaret
1553 2407 1590 2491 se
1609 2412 1655 2490 in
1667 2439 1715 2493 ea
1730 2413 1890 2522 regione

539 2530 697 2610 virtutis
711 2535 837 2610 avitae
853 2527 1093 2638 degenerem
1109 2557 1188 2608 non
1206 2529 1485 2640 praestiturum
1503 2561 1511 2604 ε
1530 2530 1753 2608 Romanum
1768 2531 1890 2638 impe-

512 2707 513 2710 ,
540 2646 643 2724 rium
661 2672 683 2724 a
699 2637 764 2731 se,¹
790 2665 834 2724 ut
851 2643 949 2724 olim.
969 2641 1018 2724 ab
1036 2640 1209 2726 Hercule
1236 2637 1564 2754 orbisexpeditus
1584 2637 1741 2736 fuerat,
1768 2669 1888 2754 expe·
1937 2629 1942 2642 ’

539 2755 732 2839 diendum
756 2753 836 2838 esse
853 2757 1112 2868 grassatorum
1135 2753 1371 2870 tyrannide,
1398 2752 1494 2843 Julii
1516 2751 1660 2838 scilieet
1683 2757 1889 2852 Caesaris,

540 2896 581 2954 et
596 2870 681 2980 ejus
708 2869 918 2955 factionis:
945 2867 1137 2986 susceptas
1167 2899 1193 2953 a
1219 2866 1256 2952 se
1281 2868 1520 2983 reipublicae
1537 2873 1719 2953 nutantis
1730 2895 1857 2986 partes
1878 2931 1890 2966 ‚

539 3016 684 3100 easque
698 3015 792 3102 pace
807 3013 848 3069 et
865 2987 1019 3102 publica
1036 2983 1321 3097 tranquillitate
1341 3044 1350 3080 ,
1391 3013 1492 3098 quae
1507 2983 1608 3099 spica
1621 3010 1663 3067 et
1676 3012 1804 3070 aratro
1820 2987 1890 3070 de-

539 3101 742 3215 signantur
761 3161 772 3197 ,
788 3098 869 3184 esse
884 3102 1101 3190 firmandas.
1131 3097 1213 3184 Hic
1228 3099 1436 3192 standumr
1452 3099 1776 3213 quandoquidem
1792 3101 1891 3185 hacc

537 3246 644 3301 nova
666 3215 768 3300 illius
793 3222 946 3300 nummi
957 3218 1244 3330 ‘interpretatip
1275 3214 1603 3328 interpretatione
1631 3215 1891 3301 Vaillantiana

538 3328 658 3444 longe
669 3329 875 3446 simplicior
892 3393 901 3422 ‚
930 3354 970 3413 et
987 3360 1010 3414 e
1026 3329 1236 3414 visceribus
1248 3357 1385 3412 causae
1400 3354 1495 3412 nata
1506 3330 1681 3414 viderur.

594 3451 673 3531 'Mt
718 3450 854 3540 nNT.
899 3450 1011 3536 lMP.
1061 3448 1174 3532 COS.
1216 3445 1388 3530 DESIG.
1437 3447 1577 3532 lTER.
1613 3449 1684 3536 ET
1728 3451 1896 3543 TERT.

537 3565 705 3648 111-le
734 3567 785 3650 R.
817 3565 864 3651 P.
886 3567 933 3647 C.
987 3563 1129 3676 Capita
1148 3558 1380 3672 duojugata
1401 3569 1461 3647 M.
1479 3560 1677 3659 Antonii,
1706 3594 1747 3648 ct
1766 3573 1889 3652 Octa*-

539 3683 595 3760 vii
611 3681 815 3773 Caesaris,
846 3679 952 3760 nuda
971 3739 980 3767 ,
998 3707 1022 3759 a
1050 3677 1199 3760 dextris
1227 3673 1488 3759 finrsrrorsbrn
1515 3707 1727 3762 conversa:
1757 3711 1806 3764 ex
1822 3681 1893 3764 ad-

539 3823 652 3876 verso
671 3851 682 3888 ,
708 3816 827 3905 caput
844 3791 1079 3905 Cleopatrae
1094 3783 1318 3874 diade'mate
1334 3815 1545 3888 ornatum,
1572 3793 1622 3876 ad
1643 3822 1778 3907 pectus
1797 3828 1892 3881 curn

539 3909 653 3994 stola.
711 3915 747 4014 )(
790 3918 847 3999 Μ,
881 3909 1065 3991 OPPIVS
1113 3905 1319 3996 CAPlTO
1353 3907 1543 3991 PROPR.
1590 3911 1768 3996 PllAliF.
1806 3917 1891 4006 cL.

539 4027 580 4124 ξ.
597 4025 643 4110 C.
677 4033 734 4105 M.
757 4027 888 4132 Oppius
908 4030 1037 4134 capito
1064 4033 1271 4134 Propraetor
1289 4019 1494 4130 Praefecm
1505 4019 1611 4134 classi
1612 4021 1892 4132 foederatarum

538 4145 727 4248 cupiarum.
778 4142 966 4220 Triretnis
991 4171 1082 4222 curn
1102 4139 1189 4222 velo
1215 4162 1255 4221 et
1282 4135 1525 4250 remigibus:
1553 4142 1595 4220 in
1626 4145 1710 4225 ima
1737 4150 1890 4234 nummi

539 4280 650 4370 parte
669 4317 680 4352 ,
711 4282 812 4368 quae
826 4283 848 4334 a
863 4253 1009 4336 dextris
1026 4279 1112 4351 est,
1141 4253 1271 4335 littera
1290 4273 1328 4334 Γ.
1344 4282 1459 4345 anno,
1486 4251 1629 4338 scilicet
1645 4260 1734 4339 initi
1754 4256 1892 4343 soede·
1932 4349 1939 4364 ,

540 4376 593 4456 ris
621 4373 758 4450 torio:
783 4399 886 4480 quae
906 4398 929 4451 a
958 4369 1141 4458 finiaris,
1164 4395 1261 4454 ,erus
1298 4373 1565 4484 triquetrum,
1597 4379 1719 4456 maris
1737 4375 1893 4472 Siculi,

567 4484 652 4567 uod
672 4485 886 4566 tutandum
911 4484 1046 4598 Oppio
1069 4482 1188 4569 fuisse·
1207 4482 1282 4566 hoc
1298 4515 1402 4566 anno
1426 4482 1673 4572 commissum
1699 4487 1893 4588 videtur,

538 4515 771 4713 symbolum,
815 4600 881 4681 Est
895 4628 946 4681 ex
959 4628 1049 4687 acre
1061 4629 1208 4714 magno
1223 4601 1330 4716 apud
1349 4607 1596 4716 seguinum,
1623 4633 1715 4720 pag.
1741 4601 1892 4698 tonet.

541 4718 700 4834 ingane
711 4711 962 4802 Lebretiana..

1446 4800 1450 4806 ’
1554 4833 1895 4994 cuouruus
