4212 5496
431 440 433 445 =
565 431 624 539 ,ε
776 365 1632 504 nncrsaonuo'urs.

630 543 824 628 Caeteros
849 565 984 626 autem
1001 541 1263 657 Cistophoros
1277 539 1390 627 nullu
1399 527 1683 627 Proconsulum
1695 537 1947 656 Propraeto*

556 689 697 749 rumve
714 660 883 743 nomine
896 660 1105 773 inscriptos
1120 661 1206 766 isus
1222 650 1343 770 long'e
1359 662 1628 774 antiquiores,
1653 683 1694 743 et
1708 655 1757 741 ab
1776 659 1944 754 Asiati-

560 783 617 863 cis
632 775 812 860 nondum
828 778 870 858 in
882 798 1122 890 potestatem
1138 774 1279 890 Populi
1292 778 1468 859 Romani
1483 775 1652 859 redactis
1666 775 1839 888 signatos
1855 773 1942 854 do·

525 929 528 936 ·
559 917 652 978 cent
679 890 908 1008 Cistophori
923 891 1098 1005 {praelati
1124 894 1167 974 in
1193 890 1405 1006 triumphis
1429 899 1487 978 M.
1506 891 1650 988 acilii,
1675 893 1721 973 L.
1737 886 1944 988 Aemilii„

559 1005 604 1096 L'.
623 1005 812 1124 Scipionis
827 1003 991 1090 asiatici
1012 1067 1024 1104 ,
1048 1012 1111 1094 M.
1131 1005 1292 1102 Fulvii,
1318 1009 1396 1092 Cn.
1416 1006 1561 1094 Manlii·
1573 1005 1771 1092 Volsonis.

507 1211 511 1221 ,
641 1129 733 1210 Nec
748 1128 913 1220 minoris
927 1120 1017 1206 sunt
1030 1126 1224 1206 momenti
1239 1121 1380 1206 eadem
1400 1123 1684 1208 Proconsulum
1703 1185 1713 1220 ,
1740 1127 1940 1235 Proprae·

559 1265 747 1329 totumve
761 1244 926 1326 nomina
944 1237 996 1321 ad
1007 1237 1328 1353 investigandam
1342 1235 1629 1352 cistophorllm
1646 1244 1934 1354 originem,et,

559 1356 684 1446 verbo
714 1356 760 1440 fit
787 1361 934 1446 venia,
962 1354 1095 1440 natale
1112 1353 1247 1439 solum.
1293 1358 1452 1440 Etenim
1476 1353 1526 1439 eo
1544 1359 1629 1469 ipso
1645 1356 1752 1470 quod
1777 1353 1941 1466 liqueat

430 1487 433 1492 '
499 1473 502 1479 ¹
560 1487 641 1590 Ap.
655 1470 870 1556 Pulchrum
893 1495 962 1570 ,et
979 1479 1041 1560 M.
1060 1469 1245 1554 Tullium
1260 1470 1520 1556 proconsules
1535 1470 1718 1558 Ciliciam
1738 1463 1935 1555 obtinuisss

561 1620 629 1681 se,
657 1586 808 1702 liquere
823 1617 987 1703 quoque
1002 1585 1124 1671 debet
1141 1583 1293 1671 litteras
1307 1587 1392 1674 illas
1410 1608 1534 1698 nno,
1569 1616 1707 1671 eorum
1723 1583 1945 1699 cistopho-

566 1710 621 1792 ris
631 1703 859 1818 impressas,
882 1705 934 1787 de
953 1703 1150 1787 Laodicea·
1166 1711 1342 1802 Cariae,
1376 1728 1423 1790 ut
1439 1702 1581 1788 eidem
1600 1706 1755 1788 ratione
1769 1701 1864 1786 alias
1877 1703 1932 1780 is-

564 1844 624 1924 tas
642 1839 750 1908 ΑΠΑ.
763 1826 805 1904 in
821 1815 979 1902 Lentuli
997 1817 1248 1932 cistophoris
1266 1881 1278 1918 ‚
1306 1820 1358 1903 de
1376 1831 1556 1933 Apamea
1570 1815 1854 1934 Phrygiaeesse
1866 1841 1925 1895 ac-

565 1935 783 2052 cipiendas⁴
828 1931 1045 2020 Ciliciense
1073 1939 1181 2016 enim
1210 1936 1422 2050 imperium
1442 1996 1458 2048 Ι,
1489 1934 1555 2020 seu
1577 1940 1777 2052 provincia
1790 1929 1935 2018 Cilicia

468 2135 477 2143 ,,
567 2048 910 2167 complectebatur
929 2046 1115 2154 Ciliciam
1130 2053 1282 2166 ipsam,
1309 2054 1484 2165 Mysiam
1502 2112 1512 2140 ,
1529 2053 1714 2144 Cariam,
1739 2043 1931 2162 Pamphy·

566 2169 661 2254 liam
692 2225 701 2263 ,
728 2166 1039 2281 Paphlagoniam
1061 2224 1079 2260 ,‚
1113 2175 1387 2281 Lycaoniam,
1418 2171 1603 2281 Prygiam
1630 2165 1852 2276 majorem,
1889 2183 1930 2242 et

564 2307 645 2369 tres
672 2287 886 2366 Dioec'eses
914 2281 1153 2364 Laodiceam
1180 2280 1357 2380 scilicet,
1380 2283 1607 2396 Cabyram,
1638 2308 1679 2367 et
1699 2283 1928 2395 Apameam·

566 2396 676 2486 Clam
707 2429 788 2481 non
814 2397 1023 2482 revocetur
1051 2426 1215 2513 quoque
1241 2403 1281 2482 in
1308 2395 1475 2482 dubium
1505 2401 1554 2486 C.
1580 2397 1794 2483 Pulchrum
1819 2397 1925 2478 Asiae
2074 2385 2075 2408 ¹

569 2512 813 2608 Proconsulc
838 2509 1051 2627 praefuisse
1068 2572 1087 2602 ,.
1111 2513 1277 2597 dubium
1308 2517 1429 2601 etiam
1444 2512 1524 2598 esse
1540 2520 1682 2630 nequit
1700 2517 1928 2625 Pergamum

460 2675 462 2686 ·
571 2659 622 2716 eo
638 2630 840 2743 designari
870 2634 1212 2741 monogrammate
1233 2631 1321 2728 tlt,
1355 2634 1552 2714 Asiaticae
1568 2627 1936 2744 fiquidemprovin··

574 2750 662 2829 ciac
683 2770 802 2857 caput
824 2769 864 2828 et
892 2741 1123 2856 metropolis
1140 2735 1354 2856 Pergamus
1375 2742 1474 2842 fuit,
1502 2747 1609 2830 unde
1624 2751 1707 2860 ipsa
1723 2745 1929 2858 Pergame-

570 2892 624 2952 na
641 2862 733 2943 Asia
749 2862 1006 2966 denominata
1022 2881 1092 2942 est.
1140 2862 1279 2973 Itaque
1296 2861 1358 2944 vel
1373 2861 1480 2972 ittud
1495 2891 1618 2946 unum
1638 2883 1932 2975 monogramma

572 3002 746 3090 quatuor
759 2975 975 3060 conflatum
989 2973 1129 3057 litteris
1146 2996 1268 3074 ΠΕΡΓ.
1285 2981 1511 3090 inspicienti
1525 3003 1751 3092 promptum
1775 2979 1856 3058 erit
1876 3001 1931 3054 ar-

480 3156 485 3163 ,
521 3175 527 3187 ,
572 3119 696 3204 gnere
711 3095 775 3204 Ω
791 3089 1005 3178 Metellum
1025 3101 1283 3203 propraetore
1297 3092 1690 3203 Asiamobtinuisse‚
1720 3115 1761 3173 et
1777 3089 1938 3182 Alletia-

575 3211 675 3292 'saum
694 3202 979 3320 Cistophorum
992 3237 1017 3294 ‚·
1032 3228 1155 3316 atque
1169 3232 1345 3292 caeteros
1360 3238 1500 3297 omnes·
1512 3209 1617 3291 idem
1638 3231 1940 3321 monogramma·

576 3321 800 3408 referentes
830 3324 1014 3434 Pergami
1042 3317 1168 3409 fuisse*
1190 3313 1369 3438 signatos.
1411 3312 1476 3408 De
1491 3319 1632 3408 litteris
1662 3342 1792 3411 τΡΑΛ.
1814 3321 1940 3404 obvio

579 3434 693 3523 sensu
708 3437 1001 3523 Trallianorum
1014 3436 1301 3551 cistophorum
1315 3436 1495 3554 superius
1508 3437 1749 3555 appellatum
1762 3438 1941 3522 indican-

576 3551 707 3648 tibus,
730 3585 811 3636 non
832 3578 892 3638 est
916 3548 1026 3666 quod
1047 3579 1235 3665 agamus,
1266 3553 1359 3648 eiam
1379 3563 1419 3638 in
1439 3560 1490 3639 e'o
1507 3586 1671 3638 nummo
1689 3551 1943 3640 animadver-

578 3669 746 3753 tendum
756 3698 809 3753 eo
824 3668 908 3753 loci
918 3661 1019 3750 nihil
1038 3661 1416 3788 occurramptaeter
1436 3670 1573 3787 oppidi
1596 3699 1766 3763 nomem

1063 4191 1067 4198 ,
1235 4249 1297 4334 x„
1368 4279 1392 4296 Ἰ

394 4509 571 4614 Defppefi.
675 4475 858 4572 Parisiis,
882 4471 1019 4563 lllD.
1043 4475 1094 4562 de
1110 4475 1286 4592 Surbeck
1301 4419 1751 4568 llelverii'Chiliarcliae
1767 4511 1958 4598 nummatab

382 4607 487 4688 norum
497 4615 567 4680 Cis-
585 4593 642 4679 ria
659 4581 831 4704 supellex
845 4597 1162 4714 tresreconditos
1174 4593 1297 4679 habe't
1308 4595 1590 4711 Cisto'plrotos‚
1609 4602 1678 4712 qui
1693 4607 1955 4716 praestantio»

383 4711 527 4810 taphnis.
573 4735 650 4822 ,tes
673 4710 777 4797 inter
800 4707 964 4824 hujusce
980 4736 1103 4828 gazae
1131 4707 1249 4833 facil}
1265 4710 1674 4828 annumerandisuot.
1695 4706 1949 4922 *Ephiffl
2070 4743 2071 4746 ‘

682 4889 686 4897 .
1111 4853 1115 4860 ·
1519 4877 1632 4928 2¹⁸·
1686 4863 1690 4876 ·
1841 4854 1947 4938 unt,
