4212 5496
433 491 435 494 .
522 385 583 470 aa
696 313 697 318 i
819 372 919 468 us
991 367 1572 488 crsronuouts.

520 513 656 598 hastae
672 505 850 620 serpente
874 531 1102 620 persuasum
1119 501 1374 588 fuitssoltzio
1396 530 1437 588 et
1465 499 1681 594 Harduino
1706 497 1901 588 Aescula-
1926 545 1930 550 ·
2027 601 2035 615 ι

521 633 633 744 pium
650 623 844 708 exhiberi.
892 623 1043 704 Mirum
1057 610 1150 701 fitne
1170 654 1182 712 ς
1218 622 1356 732 ecquis
1370 623 1477 702 enim
1504 613 1718 729 praelatam
1734 625 1775 702 in
1795 627 1901 702 Aes-

521 742 669 857 culapii
686 737 798 828 sacris
812 739 950 818 cistam
966 736 1117 817 audivit
1134 793 1145 830 ,
1171 732 1237 814 vel
1252 733 1348 846 legit
1365 757 1376 814 .>
1415 731 1667 818 Novissimns
1688 745 1901 830 Deorum,

524 883 566 941 et
582 850 869 970 antiquissimus
884 848 999 934 Libet
1013 851 1028 952 [
1041 854 1092 954 a]
1109 908 1119 938 ,
1146 848 1311 935 iuvenis
1333 877 1414 930 non
1433 849 1591 957 juvenis
1608 845 1707 957 [b],
1734 851 1899 960 juveni-

522 973 551 1057 li
567 967 689 1056 nrodtl
709 1030 720 1064 ,
748 959 872 1051 modi>
894 963 1005 1050 senili
1023 959 1152 1047 sormi
1167 961 1457 1080 depingebatur
1475 967 1562 1068 [c].
1595 964 1747 1048 Laurus
1770 991 1903 1078 quare

526 1088 682 1179 Baccho
703 1079 898 1179 sacrant,
929 1080 1011 1193 jam
1027 1079 1213 1182 diximus.
1283 1077 1286 1089 '

596 1309 1091 1424 Muliebriffeapsite.velato
1106 1307 1156 1398 ad
1174 1329 1421 1423 pec-tuscum
1447 1305 1547 1406 stela
1569 1367 1580 1405 ,
1602 1306 1900 1402 sinistrorsum:

533 1438 576 1516 in
596 1436 676 1513 ima
691 1425 799 1540 parte
819 1484 830 1520 ,
850 1424 981 1536 spica.
1016 1432 1056 1536 )s
1077 1441 1350 1511 ΠΕΡΙΝΘΙΩΝ.
1380 1425 1420 1519 ,Ε
1433 1427 1529 1507 cista
1542 1423 1696 1538 serpens
1711 1430 1903 1536 erumpit.

521 1551 602 1651 ,Est
615 1575 663 1628 ex
676 1571 766 1630 aere
778 1539 897 1624 tertio
914 1545 954 1623 in
966 1567 1064 1653 gaza
1085 1541 1295 1634 Medicea,
1326 1561 1367 1620 et
1386 1538 1495 1652 apud
1520 1545 1631 1656 Gory
1648 1542 1690 1620 iu
1702 1537 1905 1636 :Columb-

520 1661 683 1752 ‚.servut.
700 1681 741 1739 et
755 1655 886 1764 libert.
900 1667 977 1741 &e
1001 1679 1406 1775 pag.'>5x1.ffetputvy.
1597 1669 1599 1674 '

577 1889 727 2001 'Caput
741 1881 884 1974 Bacchi
904 1888 1096 1999 pampinis
1115 1881 1347 1969 redimitum
1367 1944 1378 1981 ,
1396 1879 1675 1990 sinistrorsum.
1712 1889 1746 1984 l(
1764 1903 1904 1978 ΣΙΔΩ-

426 2080 430 2088 .
539 2023 667 2094 ΝῐΩΝ
683 2006 726 2084 L.
741 2019 826 2082 ΘΜ.
850 2005 1011 2085 Corona
1026 1998 1271 2084 hederacea:
1301 2005 1342 2081 in
1355 2000 1495 2082 medio
1513 1995 1735 2111 ,serpentis
1761 2029 1783 2081 e
1806 1993 1904 2102 cista

541 2122 721 2205 exeuntis
736 2138 862 2228 typus,
909 2116 1005 2198 Sunt
1023 2113 1147 2196 etalii
1170 2112 1310 2222 similes
1330 2113 1435 2197 bene
1452 2111 1566 2196 multi
1582 2141 1632 2194 ex
1652 2142 1744 2220 aere
1769 2114 1911 2226 seeun-⁸

395 2274 399 2281 ·
481 2293 483 2301 ι
542 2237 613 2333 du,
624 2257 667 2324 et
681 2236 800 2314 tertio
811 2233 850 2309 in
869 2259 966 2342 gaza
983 2211 1339 2341 lebreti'anaapud
1354 2229 1410 2312 lll.
1426 2233 1479 2316 D.
1494 2224 1730 2316 Thomassin
1749 2233 1799 2316 de
1816 2241 1902 2317 Ma-

526 2347 747 2462 'zaugues,
778 2347 832 2429 D.
855 2349 960 2459 Cary
982 2358 1060 2442 ,et
1075 2344 1170 2428 alios
1186 2347 1364 2459 inscripti
1391 2365 1617 2434 ΣΙΔΩΝΟΣ
1631 2361 1779 2460 ,ΘΕΑΣ
1814 2373 1905 2454 cum

524 2468 705 2586 ⁸diversis
717 2463 1028 2584 nptisannorum
1048 2520 1059 2557 ,
1077 2459 1489 2576 quibusfignatisunt.
1707 2459 1709 2464 ’
1902 2479 1904 2484 ’

602 2693 735 2804 Caput
750 2686 867 2772 senile
881 2685 1198 2786 coronal-laureti,
1223 2714 1265 2772 et
1275 2687 1396 2775 barbi
1412 2686 1564 2804 prolixi
1579 2690 1735 2801 insigne
1754 2748 1765 2783 ,
1791 2689 1907 2786 linis·

542 2806 725 2891 trorsism.
776 2809 806 2906 l(
822 2803 980 2886 Corona
999 2803 1130 2886 laurea
1148 2809 1190 2886 in
1202 2810 1432 2922 quaingens
1447 2807 1656 2903 litteraX‚
1675 2803 1784 2915 cujus
1805 2806 1905 2894 infe·

464 2964 469 2974 ·
544 2927 648 3006 tiota
660 2921 739 3003 duo
758 2947 870 3000 crura
887 2916 991 3005 linet
1006 2920 1255 3004 transversali
1270 2920 1482 3006 efformant
1494 2921 1665 3004 litteram
1684 2939 1728 3006 Α.
1745 2921 1845 3004 adeo
1861 2947 1907 3006 ut

546 3035 651 3122 istud
676 3039 1025 3146 monogrammatis
1054 3059 1208 3121 constet
1231 3033 1370 3122 litteris
1402 3061 1478 3122 Ax.
1505 3036 1548 3120 id
1578 3061 1637 3118 est
1669 3040 1833 3132 Azer'ur,
1860 3045 1904 3124 in

550 3157 730 3236 Graecia.
769 3163 812 3236 ln
828 3144 1024 3260 superiore
1038 3153 1193 3260 nummi
1209 3176 1317 3264 patte
1337 3151 1493 3248 ,littera
1506 3175 1556 3246 Bt
1581 3157 1623 3233 in
1638 3153 1745 3250 ima,
1764 3176 1801 3239 M
1817 3213 1829 3248 ‚
1847 3157 1907 3250 in·

526 3261 698 3352 serius.
729 3269 825 3346 cista
842 3268 1033 3374 mystica5
1058 3265 1199 3348 dextro
1229 3263 1371 3359 latete,
1404 3293 1460 3362 Es
1493 3265 1639 3362 laevo,
1668 3293 1710 3354 n·
1795 3267 1908 3354 Alter

545 3378 684 3465 fimilis
696 3377 818 3461 habet
833 3383 970 3464 cistam
983 3384 1025 3472 in
1039 3375 1243 3493 superiore
1258 3386 1413 3467 nummi
1431 3406 1541 3498 parte
1554 3417 1564 3474 ;
1577 3380 1737 3470 litteras
1753 3379 1849 3466 verti
1865 3391 1908 3468 in

550 3504 659 3590 ima,
686 3516 749 3583 ΜΒ
769 3523 821 3581 ta
849 3492 1023 3588 dextris,
1046 3517 1103 3589 Es
1132 3491 1155 3575 a
1183 3493 1369 3589 sinistris,
1398 3522 1437 3587 Λ.
1490 3497 1713 3618 Argenteus
1738 3522 1909 3613 uterque

543 3615 659 3727 apud
674 3615 722 3698 R.
736 3611 778 3690 P.
797 3613 974 3728 Mayree
987 3615 1182 3724 societate
1196 3637 1330 3708 nostra
1341 3611 1354 3709 ,’
1376 3610 1584 3723 Massiliae.
1779 3608 1782 3614 ’

558 3875 561 3882 ·
610 3841 687 3922 His
707 3835 962 3921 subnectendi
988 3837 1151 3951 quidam
1175 3825 1363 3924 videntur
1390 3839 1455 3950 alij
1472 3848 1655 3940 nummi,
1681 3839 1789 3930 nulli
1817 3843 1912 3930 licet

553 3951 650 4040 cistti
667 3957 861 4069 insignes,
882 3955 936 4036 acl
944 3955 1220 4065 ¹Orgiatamen
1236 3955 1448 4040 referendi.

540 4066 547 4085 ”
629 4089 931 4192 narraturus.
985 4087 1104 4154 sarz.
1148 4091 1269 4160 zena.
1310 4089 1401 4159 rut.
1447 4089 1587 4188 arro.
1649 4075 1795 4188 capite
1825 4074 1914 4158 lau-

1359 4223 1363 4231 ·
1773 4218 1914 4285 reato,

638 4441 704 4516 [a]
732 4436 1011 4500 Photnut.inBacch.
1094 4438 1155 4512 [b]
1184 4438 1239 4515 Jon
1260 4435 1349 4498 Chius
1367 4437 1439 4518 apud
1458 4437 1560 4499 Athen.
1583 4441 1643 4500 Lib.
1664 4445 1701 4501 11.
1786 4443 1843 4515 [ι]
1864 4443 1913 4505 ita

560 4521 720 4584 Diodorus.
740 4519 801 4580 Lib.
820 4520 1010 4582 Ν.οιῑ,1.υ1)ἱ
1024 4515 1057 4576 de
1071 4518 1178 4578 Baccho
1193 4544 1199 4576 :
1221 4517 1325 4597 duplici
1338 4518 1395 4604 ¹esse
1408 4517 1516 4578 videtur
1526 4519 1617 4581 sarmit
1631 4563 1639 4590 ,
1662 4543 1734 4582 nunc
1752 4522 1832 4583 barbi
1842 4541 1909 4601 pto-

542 4601 637 4670 nixi,
658 4598 899 4682 antiquabat-bam
912 4597 1114 4661 enutrientium
1136 4619 1238 4694 mom
1257 4619 1330 4658 nunc
1353 4599 1500 4680 speciosior
1511 4643 1521 4674 ,
1543 4602 1671 4681 juvenis,
1691 4621 1719 4663 tt
1740 4621 1772 4663 tat
1795 4600 1908 4682 ferunt,

551 4681 704 4759 ,delicatus
