4218 5484
560 387 660 492 Da
730 383 1304 486 cl‘snonnonls.
1549 413 1600 476 11

319 522 543 632 orgi'orum
566 542 775 632 apparatus
789 524 923 636 priscis
947 519 1043 602 olim
1054 519 1296 632 temporibus
1314 510 1479 630 simplex
1491 541 1574 598 erat
1592 575 1605 612 ‚

238 657 297 718 et
309 635 358 720 ab
370 639 479 718 omni
499 631 653 746 sumptu
669 631 781 722 liber.
823 633 1085 748 Peragebatur
1100 633 1257 748 plebeio
1276 659 1414 728 more,
1437 654 1479 714 et
1493 630 1606 716 vultu

254 748 382 832 hilari.
423 747 626 862 Amphora
649 749 732 830 vini
759 747 932 860 praeibat
958 779 1048 832 cum
1072 748 1243 862 palmitis
1262 741 1485 829 sarmento:
1517 769 1604 830 tum

253 862 481 947 trahebatur
507 891 623 975 caper
638 861 797 946 Baccho
818 867 989 947 invisum
1013 861 1185 947 animal:
1210 858 1443 974 sequebatur
1468 861 1562 942 cista
1587 896 1600 955 ς

252 978 396 1074 ultimo
409 975 501 1060 loco
518 976 697 1092 phallus(
713 987 779 1075 a).
821 980 906 1068 Diu
928 1006 1010 1060 non
1026 975 1133 1062 stetit
1150 975 1248 1058 haec
1262 973 1443 1087 religiosa
1455 975 1597 1090 simpli-

251 1096 360 1176 citas.
401 1096 539 1204 Opum
550 1089 752 1176 affluentia
772 1087 886 1174 sacris
899 1119 1061 1205 quoque
1076 1089 1161 1174 suos
1172 1118 1322 1186 mores,
1342 1114 1383 1174 et
1394 1087 1529 1174 luxum
1541 1095 1599 1174 in·

253 1209 374 1290 vexit.
415 1211 622 1320 Spectante
635 1203 788 1318 populo
811 1203 959 1290 hederi
983 1228 1171 1304 coronato
1190 1226 1315 1288 totam
1343 1232 1414 1316 per
1430 1203 1599 1302 urbem,

230 1319 234 1326 ’
251 1325 361 1410 crine
375 1319 511 1416 lluxo,
536 1320 644 1402 nudo
659 1317 759 1432 pene
773 1347 936 1434 corpore
951 1320 1076 1401 Evion
1085 1323 1396 1431 ingeminantes,
1413 1318 1603 1404 ctfuren·

178 1495 180 1502 ›
251 1437 354 1521 tium
372 1439 493 1519 instar
507 1431 749 1546 vagabantur
766 1436 975 1545 permistae
987 1436 1080 1514 viris
1097 1431 1288 1520 mulieres.
1332 1433 1569 1522 Temulenta
1587 1495 1600 1532 ,

250 1550 495 1661 pudorisque
516 1547 638 1632 oblita
651 1545 817 1644 cohors,
844 1547 910 1632 alii
922 1545 1169 1653 Silenorurn,
1189 1548 1413 1658 Satyrorum
1430 1546 1522 1645 alii,
1540 1575 1600 1632 at·

248 1692 328 1776 que
350 1669 499 1748 Panum
519 1661 661 1746 habitu
680 1660 959 1775 procedebant.
997 1668 1102 1745 Tum
1116 1657 1182 1744 alii
1195 1659 1390 1744 hincinde
1405 1666 1521 1746 asinis
1536 1669 1600 1747 in·

249 1778 419 1864 sidentes
439 1841 463 1879 ,‚
478 1803 578 1890 quos
594 1778 742 1873 Fauni,
767 1777 943 1870 Bacchae
963 1835 974 1864 ‚
997 1776 1135 1858 lenae
1155 1835 1167 1868 ,
1200 1773 1387 1888 Thylae,
1414 1776 1599 1882 Mimalo·

249 1921 319 1976 nes
333 1952 348 2000 ι
364 1888 562 1988 Naiades‚
580 1887 793 2002 Nymphae
811 1949 823 1986 ,
843 1893 974 2001 Tityri
992 1887 1296 1974 comitabantur.
1335 1891 1402 1974 De
1419 1887 1494 1974 illis
1509 1892 1598 2008 plu-

248 2035 291 2089 ra
307 2006 475 2088 Ovidius
490 2000 534 2102 (b
546 2013 574 2104 lc
609 2003 808 2111 Choream
826 2028 866 2088 et
881 2003 1040 2114 thyasqs
1055 2002 1314 2116 strepentibus
1325 2005 1502 2119 undique
1515 2008 1597 2092 ulu-

249 2119 389 2204 latibus
417 2117 663 2230 excipiebant
684 2124 896 2228 ,Victoriae
919 2112 1055 2231 signa,
1083 2147 1173 2201 arae
1195 2123 1351 2202 coronis
1372 2119 1597 2206 hederaeeis

247 2233 418 2326 sormam
436 2237 537 2321 ¹vitis
566 2231 824 2318 referentibus
840 2258 1005 2338 ¹ornatae
1025 2293 1036 2328 ,
1062 2231 1180 2315 thura
1194 2237 1434 2330 ,aromatas
1463 2265 1598 2321 currus

249 2349 394 2432 deinde
409 2349 508 2430 varii
524 2347 689 2460 thyrsis,
706 2351 845 2443 armis,
866 2353 1041 2442 coronis,
1059 2346 1202 2442 doliis,
1219 2349 1431 2432 crateribus
1449 2409 1459 2446 ,
1476 2355 1595 2464 tripo-

248 2462 385 2552 dibus,
402 2465 538 2554 vannis
552 2463 697 2546 onusti.
736 2458 845 2541 Pone
863 2520 875 2555 ,
901 2464 1085 2572 Virgines
1101 2459 1389 2571 Canep'horae‚
1409 2475 1593 2577 quaecis-

231 2594 305 2660 ‘tas
321 2602 362 2658 et
374 2605 513 2660 arcana
531 2572 797 2658 initiationum
816 2571 995 2658 ferebant
1012 2633 1023 2670 ,
1042 2565 1291 2688 sequentibus
1306 2570 1591 2692 Phallophoris.
1644 2681 1651 2688 .

185 2697 190 2706 '
246 2697 406 2802 Agmen
432 2685 669 2772 claudebant
691 2685 873 2772 ¹Eassarae
897 2687 1080 2771 mulieres
1109 2687 1379 2799 serpentibus,
1405 2689 1590 2796 smilace,
1650 2723 1655 2732 ’

204 2871 206 2876 .
232 2799 397 2889 :beders
410 2823 631 2884 coronatae.
660 2801 1182 2914 .Deniquelthyphallorum
1197 2803 1339 2888 chorus
1355 2807 1525 2905 patarea*
1540 2808 1594 2902 d,-

229 2913 341 3019 ‚pele
359 2914 654 2998 decantantium
677 2972 689 3009 ,
718 2911 782 2996 seu
797 2921 970 3006 carmina
982 2920 1023 2998 in
1048 2915 1190 2996 Bacchi
1209 2914 1415 3002 honorem.
1458 2927 1597 3008 Proce-

227 3027 397 3122 ,debant
421 3025 647 3110 illi-habitu
673 3025 884 3124 muliebri,
911 3051 952 3110 et
965 3025 1162 3112 ebriorum
1177 3026 1379 3138 personam
1395 3041 1593 3122 mentien-

242 3170 321 3238 tes.
342 3144 444 3252 'Qui
472 3139 581 3254 plura
603 3139 744 3236 uolet,
762 3141 888 3225 -adeat
916 3140 1149 3228 Bacchicum
1174 3134 1423 3262 Philadelphi
1453 3149 1592 3241 chora.
1710 3181 1715 3201 =

244 3261 389 3371 ginta,
417 3255 520 3368 apud
537 3253 786 3352 Athenaeum
801 3314 819 3351 ,,
832 3255 932 3338 nib.
953 3285 993 3344 v.
1324 3348 1327 3356 ,
1473 3350 1477 3358 ,

226 3381 230 3388 “
319 3376 396 3456 His
408 3370 777 3483 accederetqunque
790 3367 946 3480 possunt
963 3375 1058 3454 ritus
1075 3369 1287 3483 peculiares
1304 3370 1356 3456 ad
1383 3403 1560 3462 normam
1579 3441 1592 3478 ,

185 3513 189 3522 ·
238 3511 438 3597 usumque
450 3489 644 3597 privatum
656 3481 917 3596 quorumdam
933 3482 1166 3598 oppidorum
1181 3487 1477 3580 accommodati.
1493 3495 1593 3579 Scie-

243 3603 341 3694 riis,
364 3629 405 3680 v.
437 3625 478 3710 g.
491 3657 495 3666 .
509 3593 650 3680 mutub
676 3593 840 3710 flagellis
862 3596 1118 3709 ‚excipiebant
1136 3597 1216 3682 sese
1238 3599 1421 3686 mulieres
1444 3607 1588 3698 nudae.

237 3717 505 3825 ·1.ampteriis‚
536 3708 641 3802 faces
663 3712 715 3810 de
731 3736 848 3793 nocte
864 3714 909 3808 iu
921 3710 1115 3824 templum
1131 3711 1410 3808 deferebantur
1424 3716 1588 3833 disposi-

244 3830 295 3909 tis
318 3824 457 3939 passim
481 3853 549 3937 per
572 3824 710 3908 urbem
735 3828 818 3907 vini
842 3823 1075 3910 crateribus.
1121 3827 1410 3942 Omophagiis‚
1435 3861 1586 3946 mystae

238 3939 420 4030 furentes
438 3993 462 4032 „
473 3961 520 4028 ,et
537 3931 643 4051 pleni
660 3941 777 4028 Deo,
810 3937 1090 4052 anguibusque
1107 3942 1278 4024 redimiti
1294 3943 1585 4042 crudascarnes

234 4051 503 4136 dilaniabant.
545 4050 747 4162 Agrioniis
767 4058 883 4145 ,iiex
899 4047 1093 4136 sacrorum
1104 4059 1237 4162 stricto
1254 4083 1347 4150 ense
1368 4054 1480 4142 sacris
1495 4091 1585 4176 ope

224 4165 410 4252 sabatur.
456 4167 643 4260 Lauinii,
670 4161 860 4248 fascinum
886 4162 1055 4278 plaustto
1078 4167 1316 4252 invehebant
1335 4175 1377 4252 in
1396 4176 1585 4288 oppidum

232 4304 456 4376 matronae.
477 4273 777 4392 ⁴,Oschqphoriis
794 4336 807 4375 ,
824 4281 1009 4392 palmites
1020 4278 1198 4372 uitiferos
1212 4283 1585 4398 gestabantadolesf

323 4492 334 4561 l
347 4513 365 4552 a
374 4495 396 4578 )
408 4489 544 4559 Plutarch.
552 4491 653 4551 Moral.
668 4513 737 4554 xrv.
757 4492 790 4554 de
804 4493 937 4555 Avaritia.
1015 4493 1025 4562 (
1039 4495 1068 4572 b)
1096 4496 1159 4558 Lib.
1174 4521 1199 4558 1.
1213 4500 1246 4564 de
1260 4519 1337 4568 περς

303 4575 307 4584 “
493 4580 555 4633 Ecce
572 4571 754 4630 nnmnnides
770 4571 863 4650 sparsis
878 4575 915 4629 -s'n
937 4587 1008 4649 terga
1029 4573 1146 4648 capillis,

552 4656 632 4728 ,Ecce
649 4651 721 4714 leues
739 4656 842 4733 satyri,
860 4653 979 4738 prussis¹
994 4649 1073 4716 turis
1092 4656 1228 4746 nynpcc.
1340 4693 1350 4746 ,⁴
