<?xml version="1.0" encoding="UTF-8"?>
<!DOCTYPE html PUBLIC "-//W3C//DTD XHTML 1.0 Transitional//EN"
    "http://www.w3.org/TR/xhtml1/DTD/xhtml1-transitional.dtd">
<html xmlns="http://www.w3.org/1999/xhtml" xml:lang="en" lang="en">
 <head>
  <title>
</title>
<meta http-equiv="Content-Type" content="text/html;charset=utf-8" />
  <meta name='ocr-system' content='tesseract 3.04.00' />
  <meta name='ocr-capabilities' content='ocr_page ocr_carea ocr_par ocr_line ocrx_word'/>
</head>
<body>
  <div class='ocr_page' id='page_1' title='image "alexandrixavier00panegoog_0026.png"; bbox 0 0 4218 5484; ppageno 0'>
   <div class='ocr_carea' id='block_1_1' title="bbox 207 403 1601 1001">
    <p class='ocr_par' dir='ltr' id='par_1_1' title="bbox 207 403 1601 1001">
     <span class='ocr_line' id='line_1_1' title="bbox 542 403 1601 518; baseline 0.01 -15"><span class='ocrx_word' id='word_1_1' title='bbox 542 403 642 504; x_wconf 85' lang='lat' dir='ltr'>DE</span> <span class='ocrx_word' id='word_1_2' title='bbox 714 405 1314 508; x_wconf 83' lang='lat' dir='ltr'><strong>CISTOPHORIS.</strong></span> <span class='ocrx_word' id='word_1_3' title='bbox 1552 413 1601 518; x_wconf 63' lang='lat'>19</span> 
     </span>
     <span class='ocr_line' id='line_1_2' title="bbox 207 527 1600 658; baseline -0.002 -33"><span class='ocrx_word' id='word_1_4' title='bbox 207 611 208 616; x_wconf 14' lang='lat' dir='ltr'>a</span> <span class='ocrx_word' id='word_1_5' title='bbox 246 527 698 657; x_wconf 77' lang='lat' dir='ltr'>irlebque&#39;custodiendis</span> <span class='ocrx_word' id='word_1_6' title='bbox 711 541 857 658; x_wconf 76' lang='lat' dir='ltr'>firgittis</span> <span class='ocrx_word' id='word_1_7' title='bbox 868 540 1062 625; x_wconf 88' lang='lat' dir='ltr'>inhabilis.</span> <span class='ocrx_word' id='word_1_8' title='bbox 1092 537 1367 626; x_wconf 85' lang='lat' dir='ltr'>Recondendis</span> <span class='ocrx_word' id='word_1_9' title='bbox 1383 536 1496 628; x_wconf 87' lang='lat' dir='ltr'>natae</span> <span class='ocrx_word' id='word_1_10' title='bbox 1513 536 1600 625; x_wconf 87' lang='lat' dir='ltr'>lunt</span> 
     </span>
     <span class='ocr_line' id='line_1_3' title="bbox 245 655 1596 772; baseline 0.001 -33"><span class='ocrx_word' id='word_1_11' title='bbox 245 657 451 769; x_wconf 82' lang='lat' dir='ltr'>pharetrae</span> <span class='ocrx_word' id='word_1_12' title='bbox 470 659 614 771; x_wconf 84' lang='lat' dir='ltr'>sagittis</span> <span class='ocrx_word' id='word_1_13' title='bbox 626 719 636 746; x_wconf 89' lang='lat'><em>,</em></span> <span class='ocrx_word' id='word_1_14' title='bbox 650 658 900 772; x_wconf 87' lang='lat' dir='ltr'>telorumque</span> <span class='ocrx_word' id='word_1_15' title='bbox 912 655 1113 740; x_wconf 85' lang='lat' dir='ltr'>missilium</span> <span class='ocrx_word' id='word_1_16' title='bbox 1125 656 1347 771; x_wconf 87' lang='lat' dir='ltr'>cuspidibus</span> <span class='ocrx_word' id='word_1_17' title='bbox 1364 718 1374 753; x_wconf 90' lang='lat'>,</span> <span class='ocrx_word' id='word_1_18' title='bbox 1392 655 1596 772; x_wconf 81' lang='lat' dir='ltr'>quaecirm</span> 
     </span>
     <span class='ocr_line' id='line_1_4' title="bbox 244 768 1596 888; baseline 0 -34"><span class='ocrx_word' id='word_1_19' title='bbox 244 779 288 854; x_wconf 84' lang='lat' dir='ltr'>in&#39;</span> <span class='ocrx_word' id='word_1_20' title='bbox 305 771 552 888; x_wconf 88' lang='lat' dir='ltr'>Cistophoris</span> <span class='ocrx_word' id='word_1_21' title='bbox 566 778 835 886; x_wconf 85' lang='lat' dir='ltr'>promineant,</span> <span class='ocrx_word' id='word_1_22' title='bbox 853 797 893 854; x_wconf 91' lang='lat' dir='ltr'>et</span> <span class='ocrx_word' id='word_1_23' title='bbox 919 775 933 869; x_wconf 77' lang='lat' dir='ltr'>l</span> <span class='ocrx_word' id='word_1_24' title='bbox 947 768 1112 886; x_wconf 87' lang='lat' dir='ltr'>quodiu</span> <span class='ocrx_word' id='word_1_25' title='bbox 1127 771 1318 884; x_wconf 79' lang='lat' dir='ltr'>pharetris</span> <span class='ocrx_word' id='word_1_26' title='bbox 1337 773 1421 855; x_wconf 86' lang='lat' dir='ltr'>ficri</span> <span class='ocrx_word' id='word_1_27' title='bbox 1434 803 1513 856; x_wconf 90' lang='lat' dir='ltr'>non</span> <span class='ocrx_word' id='word_1_28' title='bbox 1532 783 1596 886; x_wconf 92' lang='lat' dir='ltr'>po&#39;·</span> 
     </span>
     <span class='ocr_line' id='line_1_5' title="bbox 244 883 1595 1001; baseline 0.003 -35"><span class='ocrx_word' id='word_1_29' title='bbox 244 899 345 986; x_wconf 89' lang='lat' dir='ltr'>test)</span> <span class='ocrx_word' id='word_1_30' title='bbox 373 919 441 1001; x_wconf 86' lang='lat' dir='ltr'>per</span> <span class='ocrx_word' id='word_1_31' title='bbox 468 887 586 972; x_wconf 85' lang='lat' dir='ltr'>latera</span> <span class='ocrx_word' id='word_1_32' title='bbox 615 885 762 998; x_wconf 75' lang='lat' dir='ltr'>figurae</span> <span class='ocrx_word' id='word_1_33' title='bbox 780 885 1075 998; x_wconf 89' lang='lat' dir='ltr'>quodammodo</span> <span class='ocrx_word' id='word_1_34' title='bbox 1090 883 1276 976; x_wconf 81' lang='lat' dir='ltr'>exiliant,</span> <span class='ocrx_word' id='word_1_35' title='bbox 1299 886 1466 1001; x_wconf 87' lang='lat' dir='ltr'>figuram</span> <span class='ocrx_word' id='word_1_36' title='bbox 1485 889 1595 973; x_wconf 87' lang='lat' dir='ltr'>illam</span> 
     </span>
    </p>
   </div>
   <div class='ocr_carea' id='block_1_2' title="bbox 242 999 1594 1228">
    <p class='ocr_par' dir='ltr' id='par_1_2' title="bbox 242 999 1594 1228">
     <span class='ocr_line' id='line_1_6' title="bbox 242 999 1594 1116; baseline 0 -32"><span class='ocrx_word' id='word_1_37' title='bbox 242 1030 397 1085; x_wconf 89' lang='lat' dir='ltr'>merum</span> <span class='ocrx_word' id='word_1_38' title='bbox 422 1012 542 1116; x_wconf 84' lang='lat' dir='ltr'>atqu&#39;e</span> <span class='ocrx_word' id='word_1_39' title='bbox 562 1013 781 1116; x_wconf 79' lang='lat' dir='ltr'>genuinum</span> <span class='ocrx_word' id='word_1_40' title='bbox 805 1000 885 1084; x_wconf 85' lang='lat' dir='ltr'>else</span> <span class='ocrx_word' id='word_1_41' title='bbox 917 1031 1090 1086; x_wconf 85' lang='lat' dir='ltr'>vannum</span> <span class='ocrx_word' id='word_1_42' title='bbox 1114 999 1229 1114; x_wconf 77' lang='lat' dir='ltr'>plani:</span> <span class='ocrx_word' id='word_1_43' title='bbox 1252 1008 1453 1094; x_wconf 83' lang='lat' dir='ltr'>evincunt.</span> <span class='ocrx_word' id='word_1_44' title='bbox 1507 1007 1594 1086; x_wconf 89' lang='lat' dir='ltr'>Ser-</span> 
     </span>
     <span class='ocr_line' id='line_1_7' title="bbox 243 1114 1593 1228; baseline -0.003 -31"><span class='ocrx_word' id='word_1_45' title='bbox 243 1122 338 1198; x_wconf 87' lang='lat' dir='ltr'>vio:</span> <span class='ocrx_word' id='word_1_46' title='bbox 364 1123 407 1198; x_wconf 91' lang='lat' dir='ltr'><em>V</em></span> <span class='ocrx_word' id='word_1_47' title='bbox 401 1133 518 1194; x_wconf 76' lang='lat' dir='ltr'>armas</span> <span class='ocrx_word' id='word_1_48' title='bbox 536 1137 599 1195; x_wconf 81' lang='lat' dir='ltr'>est·</span> <span class='ocrx_word' id='word_1_49' title='bbox 614 1145 686 1194; x_wconf 80' lang='lat' dir='ltr'>vas</span> <span class='ocrx_word' id='word_1_50' title='bbox 701 1119 945 1198; x_wconf 70' lang='lat' dir='ltr'>vimmacum</span> <span class='ocrx_word' id='word_1_51' title='bbox 962 1117 1080 1194; x_wconf 78' lang='lat' dir='ltr'>larum</span> <span class='ocrx_word' id='word_1_52' title='bbox 1099 1175 1110 1210; x_wconf 86' lang='lat'>‚</span> <span class='ocrx_word' id='word_1_53' title='bbox 1138 1121 1179 1194; x_wconf 81' lang='lat' dir='ltr'>in</span> <span class='ocrx_word' id='word_1_54' title='bbox 1192 1114 1429 1227; x_wconf 81' lang='lat' dir='ltr'>quodpropter</span> <span class='ocrx_word' id='word_1_55' title='bbox 1447 1122 1593 1228; x_wconf 80' lang='lat' dir='ltr'>capaci-</span> 
     </span>
    </p>
   </div>
   <div class='ocr_carea' id='block_1_3' title="bbox 144 1228 1661 4504">
    <p class='ocr_par' dir='ltr' id='par_1_3' title="bbox 239 1228 1625 1920">
     <span class='ocr_line' id='line_1_8' title="bbox 241 1228 1592 1345; baseline 0.001 -40"><span class='ocrx_word' id='word_1_56' title='bbox 241 1250 357 1308; x_wconf 73' lang='lat' dir='ltr'>tatem</span> <span class='ocrx_word' id='word_1_57' title='bbox 370 1235 496 1310; x_wconf 75' lang='lat' dir='ltr'>rustici</span> <span class='ocrx_word' id='word_1_58' title='bbox 505 1259 684 1344; x_wconf 79' lang='lat' dir='ltr'>congerere</span> <span class='ocrx_word' id='word_1_59' title='bbox 686 1228 842 1338; x_wconf 72' lang='lat' dir='ltr'>frugum</span> <span class='ocrx_word' id='word_1_60' title='bbox 850 1230 1047 1339; x_wconf 68' lang='lat' dir='ltr'>primitias</span> <span class='ocrx_word' id='word_1_61' title='bbox 1043 1229 1163 1337; x_wconf 81' lang='lat' dir='ltr'>solent</span> <span class='ocrx_word' id='word_1_62' title='bbox 1173 1237 1194 1329; x_wconf 42' lang='lat'>¹(</span> <span class='ocrx_word' id='word_1_63' title='bbox 1207 1259 1234 1304; x_wconf 75' lang='lat' dir='ltr'>a</span> <span class='ocrx_word' id='word_1_64' title='bbox 1250 1241 1277 1333; x_wconf 84' lang='grc'>),</span> <span class='ocrx_word' id='word_1_65' title='bbox 1318 1242 1344 1320; x_wconf 84' lang='grc' dir='ltr'>Ε</span> <span class='ocrx_word' id='word_1_66' title='bbox 1350 1261 1423 1345; x_wconf 74' lang='lat' dir='ltr'>rgo</span> <span class='ocrx_word' id='word_1_67' title='bbox 1434 1230 1526 1316; x_wconf 74' lang='lat' dir='ltr'>clun</span> <span class='ocrx_word' id='word_1_68' title='bbox 1543 1231 1592 1314; x_wconf 67' lang='lat' dir='ltr'>fi:</span> 
     </span>
     <span class='ocr_line' id='line_1_9' title="bbox 241 1342 1591 1459; baseline 0.002 -33"><span class='ocrx_word' id='word_1_69' title='bbox 241 1373 339 1456; x_wconf 84' lang='lat' dir='ltr'>gnra</span> <span class='ocrx_word' id='word_1_70' title='bbox 359 1345 600 1458; x_wconf 83' lang='lat' dir='ltr'>cistophoro</span> <span class='ocrx_word' id='word_1_71' title='bbox 622 1349 807 1458; x_wconf 86' lang='lat' dir='ltr'>inscripta</span> <span class='ocrx_word' id='word_1_72' title='bbox 826 1349 1083 1459; x_wconf 79' lang='lat' dir='ltr'>capacitatem</span> <span class='ocrx_word' id='word_1_73' title='bbox 1098 1342 1241 1427; x_wconf 86' lang='lat' dir='ltr'>habeat</span> <span class='ocrx_word' id='word_1_74' title='bbox 1255 1375 1333 1427; x_wconf 92' lang='lat' dir='ltr'>non</span> <span class='ocrx_word' id='word_1_75' title='bbox 1357 1374 1438 1432; x_wconf 91' lang='lat' dir='ltr'>tam</span> <span class='ocrx_word' id='word_1_76' title='bbox 1453 1376 1591 1430; x_wconf 82' lang='lat' dir='ltr'>recon-</span> 
     </span>
     <span class='ocr_line' id='line_1_10' title="bbox 241 1449 1591 1574; baseline 0.001 -32"><span class='ocrx_word' id='word_1_77' title='bbox 241 1455 382 1544; x_wconf 87' lang='lat' dir='ltr'>dendis</span> <span class='ocrx_word' id='word_1_78' title='bbox 397 1457 520 1555; x_wconf 82' lang='lat' dir='ltr'>telis,</span> <span class='ocrx_word' id='word_1_79' title='bbox 543 1459 743 1570; x_wconf 58' lang='lat' dir='ltr'>&#39;et&#39;arcui3&#39;</span> <span class='ocrx_word' id='word_1_80' title='bbox 761 1449 879 1572; x_wconf 66' lang='lat' dir='ltr'>oudin</span> <span class='ocrx_word' id='word_1_81' title='bbox 892 1453 1129 1574; x_wconf 62' lang='lat' dir='ltr'>&#39;recipiendis</span> <span class='ocrx_word' id='word_1_82' title='bbox 1155 1458 1336 1574; x_wconf 85' lang='lat' dir='ltr'>frugibus</span> <span class='ocrx_word' id='word_1_83' title='bbox 1352 1453 1591 1548; x_wconf 90' lang='lat' dir='ltr'>convenien-</span> 
     </span>
     <span class='ocr_line' id='line_1_11' title="bbox 242 1573 1623 1689; baseline 0.001 -33"><span class='ocrx_word' id='word_1_84' title='bbox 242 1599 351 1674; x_wconf 88' lang='lat' dir='ltr'>tem,</span> <span class='ocrx_word' id='word_1_85' title='bbox 372 1574 534 1689; x_wconf 89' lang='lat' dir='ltr'>ejusque</span> <span class='ocrx_word' id='word_1_86' title='bbox 552 1573 881 1660; x_wconf 53' lang='lat' dir='ltr'>labra‘viminibus</span> <span class='ocrx_word' id='word_1_87' title='bbox 893 1593 1103 1668; x_wconf 80' lang='lat' dir='ltr'>contexta,</span> <span class='ocrx_word' id='word_1_88' title='bbox 1123 1578 1383 1660; x_wconf 85' lang='lat' dir='ltr'>viminaceam</span> <span class='ocrx_word' id='word_1_89' title='bbox 1395 1607 1483 1662; x_wconf 90' lang='lat' dir='ltr'>eam</span> <span class='ocrx_word' id='word_1_90' title='bbox 1501 1595 1589 1688; x_wconf 71' lang='lat' dir='ltr'>pr02&#39;</span> <span class='ocrx_word' id='word_1_91' title='bbox 1619 1651 1623 1686; x_wconf 81' lang='lat'><em>;</em></span> 
     </span>
     <span class='ocr_line' id='line_1_12' title="bbox 240 1687 1625 1807; baseline 0.002 -36"><span class='ocrx_word' id='word_1_92' title='bbox 240 1687 367 1780; x_wconf 84' lang='lat' dir='ltr'>beot,</span> <span class='ocrx_word' id='word_1_93' title='bbox 396 1695 563 1804; x_wconf 87' lang='lat' dir='ltr'>mystica</span> <span class='ocrx_word' id='word_1_94' title='bbox 586 1717 741 1806; x_wconf 87' lang='lat' dir='ltr'>prorsus</span> <span class='ocrx_word' id='word_1_95' title='bbox 762 1689 933 1774; x_wconf 88' lang='lat' dir='ltr'>dicenda</span> <span class='ocrx_word' id='word_1_96' title='bbox 962 1713 1023 1775; x_wconf 88' lang='lat' dir='ltr'>est</span> <span class='ocrx_word' id='word_1_97' title='bbox 1050 1703 1204 1774; x_wconf 82' lang='lat' dir='ltr'>vannus</span> <span class='ocrx_word' id='word_1_98' title='bbox 1229 1693 1364 1802; x_wconf 83' lang='lat' dir='ltr'>Orgiis</span> <span class='ocrx_word' id='word_1_99' title='bbox 1395 1691 1590 1807; x_wconf 73' lang='lat' dir='ltr'>praeferri</span> <span class='ocrx_word' id='word_1_100' title='bbox 1623 1717 1625 1724; x_wconf 75' lang='grc'>’</span> 
     </span>
     <span class='ocr_line' id='line_1_13' title="bbox 239 1800 1064 1920; baseline 0.01 -34"><span class='ocrx_word' id='word_1_101' title='bbox 239 1800 358 1890; x_wconf 89' lang='lat' dir='ltr'>solita.</span> <span class='ocrx_word' id='word_1_102' title='bbox 972 1906 976 1914; x_wconf 38' lang='grc'><em>,</em></span> <span class='ocrx_word' id='word_1_103' title='bbox 1038 1829 1064 1920; x_wconf 26' lang='grc'>’-</span> 
     </span>
    </p>

    <p class='ocr_par' dir='ltr' id='par_1_4' title="bbox 144 1933 1661 4504">
     <span class='ocr_line' id='line_1_14' title="bbox 307 1933 1169 2056; baseline 0.003 -37"><span class='ocrx_word' id='word_1_104' title='bbox 307 2031 309 2036; x_wconf 23' lang='lat'>¹</span> <span class='ocrx_word' id='word_1_105' title='bbox 350 1995 404 2011; x_wconf 91' lang='lat'>-</span> <span class='ocrx_word' id='word_1_106' title='bbox 431 1961 491 2010; x_wconf 86' lang='lat'>-&#39;·</span> <span class='ocrx_word' id='word_1_107' title='bbox 513 1937 661 2050; x_wconf 66' lang='lat' dir='ltr'>mystica</span> <span class='ocrx_word' id='word_1_108' title='bbox 675 1937 961 2050; x_wconf 63' lang='lat' dir='ltr'>vanuusJatclri</span> <span class='ocrx_word' id='word_1_109' title='bbox 984 1939 1075 2047; x_wconf 69' lang='grc' dir='ltr'>(ὃ).</span> <span class='ocrx_word' id='word_1_110' title='bbox 1094 1933 1115 1975; x_wconf 62' lang='grc'>’·</span> <span class='ocrx_word' id='word_1_111' title='bbox 1165 2047 1169 2056; x_wconf 26' lang='lat'>¹</span> 
     </span>
     <span class='ocr_line' id='line_1_15' title="bbox 238 2073 1624 2204; baseline -0.006 -36"><span class='ocrx_word' id='word_1_112' title='bbox 238 2086 372 2170; x_wconf 80' lang='lat' dir='ltr'>Aurea</span> <span class='ocrx_word' id='word_1_113' title='bbox 391 2084 468 2170; x_wconf 91' lang='lat' dir='ltr'>fuit</span> <span class='ocrx_word' id='word_1_114' title='bbox 484 2083 726 2199; x_wconf 88' lang='lat' dir='ltr'>quandoque</span> <span class='ocrx_word' id='word_1_115' title='bbox 742 2111 892 2168; x_wconf 88' lang='lat' dir='ltr'>vannus</span> <span class='ocrx_word' id='word_1_116' title='bbox 908 2084 925 2174; x_wconf 79' lang='grc'>,’</span> <span class='ocrx_word' id='word_1_117' title='bbox 945 2108 987 2168; x_wconf 87' lang='lat' dir='ltr'>et</span> <span class='ocrx_word' id='word_1_118' title='bbox 1006 2081 1163 2170; x_wconf 87' lang='lat' dir='ltr'>ramulis</span> <span class='ocrx_word' id='word_1_119' title='bbox 1178 2088 1304 2165; x_wconf 88' lang='lat' dir='ltr'>aureis</span> <span class='ocrx_word' id='word_1_120' title='bbox 1317 2113 1520 2204; x_wconf 83' lang='lat' dir='ltr'>compacta</span> <span class='ocrx_word' id='word_1_121' title='bbox 1537 2073 1590 2177; x_wconf 66' lang='lat' dir='ltr'>vis</span> <span class='ocrx_word' id='word_1_122' title='bbox 1620 2096 1624 2102; x_wconf 82' lang='lat'>&#39;</span> 
     </span>
     <span class='ocr_line' id='line_1_16' title="bbox 238 2193 1585 2316; baseline 0.002 -31"><span class='ocrx_word' id='word_1_123' title='bbox 238 2205 356 2285; x_wconf 90' lang='lat' dir='ltr'>minis</span> <span class='ocrx_word' id='word_1_124' title='bbox 380 2200 558 2284; x_wconf 89' lang='lat' dir='ltr'>formam</span> <span class='ocrx_word' id='word_1_125' title='bbox 579 2197 861 2292; x_wconf 78' lang='lat' dir='ltr'>referentibus,</span> <span class='ocrx_word' id='word_1_126' title='bbox 886 2224 1078 2312; x_wconf 90' lang='lat' dir='ltr'>quantum</span> <span class='ocrx_word' id='word_1_127' title='bbox 1097 2229 1146 2281; x_wconf 89' lang='lat' dir='ltr'>ex</span> <span class='ocrx_word' id='word_1_128' title='bbox 1168 2196 1340 2308; x_wconf 87' lang='lat' dir='ltr'>Apuleio</span> <span class='ocrx_word' id='word_1_129' title='bbox 1367 2193 1585 2316; x_wconf 78' lang='lat' dir='ltr'>conjicitur.</span> 
     </span>
     <span class='ocr_line' id='line_1_17' title="bbox 237 2311 1584 2428; baseline 0.006 -32"><span class='ocrx_word' id='word_1_130' title='bbox 237 2315 549 2414; x_wconf 87' lang='lat' dir='ltr'>Instrumentum</span> <span class='ocrx_word' id='word_1_131' title='bbox 566 2314 644 2397; x_wconf 92' lang='lat' dir='ltr'>hoc</span> <span class='ocrx_word' id='word_1_132' title='bbox 658 2311 788 2395; x_wconf 89' lang='lat' dir='ltr'>facere</span> <span class='ocrx_word' id='word_1_133' title='bbox 804 2315 854 2398; x_wconf 88' lang='lat' dir='ltr'>ad</span> <span class='ocrx_word' id='word_1_134' title='bbox 871 2318 993 2397; x_wconf 88' lang='lat' dir='ltr'>a&#39;nimi</span> <span class='ocrx_word' id='word_1_135' title='bbox 1013 2313 1286 2428; x_wconf 84' lang='lat' dir='ltr'>purgationem</span> <span class='ocrx_word' id='word_1_136' title='bbox 1307 2374 1318 2409; x_wconf 86' lang='lat'>,</span> <span class='ocrx_word' id='word_1_137' title='bbox 1345 2343 1385 2400; x_wconf 87' lang='lat' dir='ltr'>et</span> <span class='ocrx_word' id='word_1_138' title='bbox 1402 2319 1584 2406; x_wconf 85' lang='lat' dir='ltr'>homines</span> 
     </span>
     <span class='ocr_line' id='line_1_18' title="bbox 238 2423 1587 2550; baseline 0.004 -37"><span class='ocrx_word' id='word_1_139' title='bbox 238 2436 295 2513; x_wconf 91' lang='lat' dir='ltr'>ita</span> <span class='ocrx_word' id='word_1_140' title='bbox 310 2435 467 2543; x_wconf 86' lang='lat' dir='ltr'>purgari</span> <span class='ocrx_word' id='word_1_141' title='bbox 495 2427 637 2513; x_wconf 89' lang='lat' dir='ltr'>Bacchi</span> <span class='ocrx_word' id='word_1_142' title='bbox 658 2423 878 2533; x_wconf 81' lang='lat' dir='ltr'>mysteriis,</span> <span class='ocrx_word' id='word_1_143' title='bbox 912 2423 963 2509; x_wconf 68' lang='lat' dir='ltr'>ut&#39;</span> <span class='ocrx_word' id='word_1_144' title='bbox 972 2426 1172 2510; x_wconf 86' lang='lat' dir='ltr'>frumenta</span> <span class='ocrx_word' id='word_1_145' title='bbox 1189 2430 1323 2539; x_wconf 72' lang='lat' dir='ltr'>vamtis</span> <span class='ocrx_word' id='word_1_146' title='bbox 1342 2427 1587 2550; x_wconf 85' lang='lat' dir='ltr'>purgantur,</span> 
     </span>
     <span class='ocr_line' id='line_1_19' title="bbox 236 2539 1585 2657; baseline 0.006 -29"><span class='ocrx_word' id='word_1_147' title='bbox 236 2543 316 2628; x_wconf 74' lang='lat' dir='ltr'>alte</span> <span class='ocrx_word' id='word_1_148' title='bbox 333 2543 551 2657; x_wconf 87' lang='lat' dir='ltr'>persuasum</span> <span class='ocrx_word' id='word_1_149' title='bbox 567 2565 651 2628; x_wconf 91' lang='lat' dir='ltr'>erat</span> <span class='ocrx_word' id='word_1_150' title='bbox 670 2545 706 2640; x_wconf 87' lang='lat' dir='ltr'>(c</span> <span class='ocrx_word' id='word_1_151' title='bbox 719 2553 748 2643; x_wconf 86' lang='grc'>).</span> <span class='ocrx_word' id='word_1_152' title='bbox 779 2545 887 2625; x_wconf 88' lang='lat' dir='ltr'>Hinc</span> <span class='ocrx_word' id='word_1_153' title='bbox 901 2540 1074 2625; x_wconf 88' lang='lat' dir='ltr'>Bacchus</span> <span class='ocrx_word' id='word_1_154' title='bbox 1089 2539 1210 2625; x_wconf 83' lang='lat' dir='ltr'>modd</span> <span class='ocrx_word' id='word_1_155' title='bbox 1234 2539 1352 2652; x_wconf 80' lang='lat' dir='ltr'>Liber</span> <span class='ocrx_word' id='word_1_156' title='bbox 1369 2547 1497 2632; x_wconf 89' lang='lat' dir='ltr'>dictus</span> <span class='ocrx_word' id='word_1_157' title='bbox 1515 2571 1585 2644; x_wconf 90' lang='lat' dir='ltr'>est,</span> 
     </span>
     <span class='ocr_line' id='line_1_20' title="bbox 238 2655 1587 2762; baseline 0.001 -17"><span class='ocrx_word' id='word_1_158' title='bbox 238 2691 263 2745; x_wconf 80' lang='lat' dir='ltr'>a</span> <span class='ocrx_word' id='word_1_159' title='bbox 279 2658 483 2743; x_wconf 73' lang='lat' dir='ltr'>liberando</span> <span class='ocrx_word' id='word_1_160' title='bbox 497 2657 642 2743; x_wconf 83' lang='lat' dir='ltr'>scillcet</span> <span class='ocrx_word' id='word_1_161' title='bbox 656 2660 805 2740; x_wconf 81' lang='lat' dir='ltr'>animas</span> <span class='ocrx_word' id='word_1_162' title='bbox 820 2687 842 2762; x_wconf 70' lang='lat'>{1</span> <span class='ocrx_word' id='word_1_163' title='bbox 857 2656 1032 2741; x_wconf 67' lang='lat' dir='ltr'>sordibus</span> <span class='ocrx_word' id='word_1_164' title='bbox 1049 2695 1058 2738; x_wconf 76' lang='grc' dir='ltr'><strong><em>ε</em></strong></span> <span class='ocrx_word' id='word_1_165' title='bbox 1077 2655 1198 2739; x_wconf 61' lang='lat' dir='ltr'>modi)</span> <span class='ocrx_word' id='word_1_166' title='bbox 1218 2665 1364 2752; x_wconf 72' lang='lat' dir='ltr'>Aturittc</span> <span class='ocrx_word' id='word_1_167' title='bbox 1383 2722 1393 2751; x_wconf 79' lang='lat'><em>2</em></span> <span class='ocrx_word' id='word_1_168' title='bbox 1416 2690 1456 2747; x_wconf 75' lang='lat' dir='ltr'>et</span> <span class='ocrx_word' id='word_1_169' title='bbox 1472 2691 1587 2752; x_wconf 76' lang='lat' dir='ltr'>Aturu-</span> 
     </span>
     <span class='ocr_line' id='line_1_21' title="bbox 237 2768 1585 2886; baseline 0.012 -36"><span class='ocrx_word' id='word_1_170' title='bbox 237 2781 334 2882; x_wconf 70' lang='grc' dir='ltr'><em>φόρος</em></span> <span class='ocrx_word' id='word_1_171' title='bbox 357 2804 379 2856; x_wconf 89' lang='lat' dir='ltr'>a</span> <span class='ocrx_word' id='word_1_172' title='bbox 396 2803 554 2863; x_wconf 86' lang='lat' dir='ltr'>vanno,</span> <span class='ocrx_word' id='word_1_173' title='bbox 581 2777 744 2886; x_wconf 82' lang='lat' dir='ltr'>quaein</span> <span class='ocrx_word' id='word_1_174' title='bbox 771 2768 884 2856; x_wconf 82' lang='lat' dir='ltr'>sacris</span> <span class='ocrx_word' id='word_1_175' title='bbox 905 2775 990 2884; x_wconf 83' lang='lat' dir='ltr'>ejus</span> <span class='ocrx_word' id='word_1_176' title='bbox 1005 2783 1113 2862; x_wconf 71' lang='grc' dir='ltr'>λικιάς</span> <span class='ocrx_word' id='word_1_177' title='bbox 1139 2775 1469 2862; x_wconf 87' lang='lat' dir='ltr'>denominabatur</span> <span class='ocrx_word' id='word_1_178' title='bbox 1495 2780 1585 2886; x_wconf 83' lang='lat' dir='ltr'>(d).</span> 
     </span>
     <span class='ocr_line' id='line_1_22' title="bbox 144 2883 1641 3010; baseline 0.007 -39"><span class='ocrx_word' id='word_1_179' title='bbox 144 2927 149 2940; x_wconf 90' lang='lat'><strong>·</strong></span> <span class='ocrx_word' id='word_1_180' title='bbox 237 2889 349 2971; x_wconf 89' lang='lat' dir='ltr'>Hinc</span> <span class='ocrx_word' id='word_1_181' title='bbox 366 2893 485 2970; x_wconf 89' lang='lat' dir='ltr'>etiam</span> <span class='ocrx_word' id='word_1_182' title='bbox 501 2886 665 2998; x_wconf 83' lang='lat' dir='ltr'>mystica</span> <span class='ocrx_word' id='word_1_183' title='bbox 681 2911 831 2970; x_wconf 87' lang='lat' dir='ltr'>vannus</span> <span class='ocrx_word' id='word_1_184' title='bbox 850 2883 1073 3002; x_wconf 77' lang='lat' dir='ltr'>appellata,</span> <span class='ocrx_word' id='word_1_185' title='bbox 1103 2893 1247 3004; x_wconf 90' lang='lat' dir='ltr'>quippe</span> <span class='ocrx_word' id='word_1_186' title='bbox 1261 2920 1362 3004; x_wconf 87' lang='lat' dir='ltr'>quae</span> <span class='ocrx_word' id='word_1_187' title='bbox 1374 2897 1586 3010; x_wconf 82' lang='lat' dir='ltr'>purgandis</span> <span class='ocrx_word' id='word_1_188' title='bbox 1634 2973 1641 2980; x_wconf 96' lang='lat'><em>.</em></span> 
     </span>
     <span class='ocr_line' id='line_1_23' title="bbox 236 2997 1587 3118; baseline 0.001 -32"><span class='ocrx_word' id='word_1_189' title='bbox 236 3005 379 3086; x_wconf 82' lang='lat' dir='ltr'>animis</span> <span class='ocrx_word' id='word_1_190' title='bbox 396 3002 496 3116; x_wconf 85' lang='lat' dir='ltr'>apta.</span> <span class='ocrx_word' id='word_1_191' title='bbox 540 3004 689 3085; x_wconf 84' lang='lat' dir='ltr'>Pierius</span> <span class='ocrx_word' id='word_1_192' title='bbox 714 3007 903 3084; x_wconf 82' lang='lat' dir='ltr'>tamenin</span> <span class='ocrx_word' id='word_1_193' title='bbox 920 2998 1012 3085; x_wconf 85' lang='lat' dir='ltr'>cod.¹</span> <span class='ocrx_word' id='word_1_194' title='bbox 1029 2997 1135 3086; x_wconf 83' lang='lat' dir='ltr'><strong>MSS.</strong></span> <span class='ocrx_word' id='word_1_195' title='bbox 1150 3013 1335 3092; x_wconf 87' lang='lat' dir='ltr'>Romano</span> <span class='ocrx_word' id='word_1_196' title='bbox 1347 3005 1445 3118; x_wconf 88' lang='lat' dir='ltr'>legit</span> <span class='ocrx_word' id='word_1_197' title='bbox 1457 3017 1587 3090; x_wconf 79' lang='lat' dir='ltr'>musti-</span> 
     </span>
     <span class='ocr_line' id='line_1_24' title="bbox 234 3111 1586 3236; baseline 0.01 -42"><span class='ocrx_word' id='word_1_198' title='bbox 234 3147 316 3194; x_wconf 81' lang='lat' dir='ltr'>cam</span> <span class='ocrx_word' id='word_1_199' title='bbox 330 3117 526 3215; x_wconf 63' lang='lat' dir='ltr'>vannum,</span> <span class='ocrx_word' id='word_1_200' title='bbox 553 3117 657 3200; x_wconf 90' lang='lat' dir='ltr'>unde</span> <span class='ocrx_word' id='word_1_201' title='bbox 675 3115 838 3228; x_wconf 87' lang='lat' dir='ltr'>quidam</span> <span class='ocrx_word' id='word_1_202' title='bbox 859 3111 1033 3202; x_wconf 72' lang='lat' dir='ltr'>stannum</span> <span class='ocrx_word' id='word_1_203' title='bbox 1052 3119 1291 3202; x_wconf 85' lang='lat' dir='ltr'>mustaceam</span> <span class='ocrx_word' id='word_1_204' title='bbox 1310 3125 1351 3201; x_wconf 93' lang='lat' dir='ltr'>in</span> <span class='ocrx_word' id='word_1_205' title='bbox 1373 3123 1507 3236; x_wconf 87' lang='lat' dir='ltr'>Orgiis</span> <span class='ocrx_word' id='word_1_206' title='bbox 1521 3129 1586 3207; x_wconf 93' lang='lat' dir='ltr'>in-</span> 
     </span>
     <span class='ocr_line' id='line_1_25' title="bbox 236 3222 1588 3352; baseline 0.004 -36"><span class='ocrx_word' id='word_1_207' title='bbox 236 3222 498 3322; x_wconf 86' lang='lat' dir='ltr'>tellexerunt,</span> <span class='ocrx_word' id='word_1_208' title='bbox 522 3259 726 3346; x_wconf 88' lang='lat' dir='ltr'>perquam</span> <span class='ocrx_word' id='word_1_209' title='bbox 744 3223 877 3314; x_wconf 72' lang='lat' dir='ltr'>&#39;vinum</span> <span class='ocrx_word' id='word_1_210' title='bbox 893 3233 1179 3344; x_wconf 72' lang='lat' dir='ltr'>permittetur,</span> <span class='ocrx_word' id='word_1_211' title='bbox 1196 3235 1303 3348; x_wconf 88' lang='lat' dir='ltr'>quod</span> <span class='ocrx_word' id='word_1_212' title='bbox 1319 3232 1414 3318; x_wconf 70' lang='lat' dir='ltr'>ali&#39;ds</span> <span class='ocrx_word' id='word_1_213' title='bbox 1428 3268 1497 3352; x_wconf 89' lang='lat' dir='ltr'>per</span> <span class='ocrx_word' id='word_1_214' title='bbox 1512 3231 1588 3348; x_wconf 77' lang='lat' dir='ltr'>sac-</span> 
     </span>
     <span class='ocr_line' id='line_1_26' title="bbox 236 3347 1585 3464; baseline 0.007 -34"><span class='ocrx_word' id='word_1_215' title='bbox 236 3379 327 3430; x_wconf 89' lang='lat' dir='ltr'>cum</span> <span class='ocrx_word' id='word_1_216' title='bbox 344 3347 487 3431; x_wconf 90' lang='lat' dir='ltr'>fiebat:</span> <span class='ocrx_word' id='word_1_217' title='bbox 513 3354 649 3430; x_wconf 90' lang='lat' dir='ltr'>vinum</span> <span class='ocrx_word' id='word_1_218' title='bbox 668 3372 804 3452; x_wconf 85' lang='lat' dir='ltr'>autem</span> <span class='ocrx_word' id='word_1_219' title='bbox 819 3351 875 3429; x_wconf 86' lang='lat' dir='ltr'>ita</span> <span class='ocrx_word' id='word_1_220' title='bbox 895 3347 1424 3464; x_wconf 87' lang='lat' dir='ltr'>percolatumTheophrasto</span> <span class='ocrx_word' id='word_1_221' title='bbox 1439 3353 1480 3437; x_wconf 84' lang='lat' dir='ltr'>et</span> <span class='ocrx_word' id='word_1_222' title='bbox 1498 3347 1585 3439; x_wconf 85' lang='lat' dir='ltr'>Pol·</span> 
     </span>
     <span class='ocr_line' id='line_1_27' title="bbox 202 3457 1585 3577; baseline 0.008 -32"><span class='ocrx_word' id='word_1_223' title='bbox 202 3495 205 3501; x_wconf 90' lang='lat'>·</span> <span class='ocrx_word' id='word_1_224' title='bbox 234 3461 314 3546; x_wconf 90' lang='lat' dir='ltr'>luci</span> <span class='ocrx_word' id='word_1_225' title='bbox 331 3468 467 3544; x_wconf 89' lang='lat' dir='ltr'>vinum</span> <span class='ocrx_word' id='word_1_226' title='bbox 480 3457 672 3546; x_wconf 79' lang='lat' dir='ltr'>saccatum</span> <span class='ocrx_word' id='word_1_227' title='bbox 690 3459 846 3544; x_wconf 88' lang='lat' dir='ltr'>dicitur.</span> <span class='ocrx_word' id='word_1_228' title='bbox 888 3463 951 3544; x_wconf 89' lang='lat' dir='ltr'>Ut</span> <span class='ocrx_word' id='word_1_229' title='bbox 968 3487 1012 3544; x_wconf 91' lang='lat' dir='ltr'>ut</span> <span class='ocrx_word' id='word_1_230' title='bbox 1030 3461 1099 3557; x_wconf 84' lang='lat' dir='ltr'>fit,</span> <span class='ocrx_word' id='word_1_231' title='bbox 1121 3468 1314 3577; x_wconf 87' lang='lat' dir='ltr'>mysteriis</span> <span class='ocrx_word' id='word_1_232' title='bbox 1330 3457 1472 3551; x_wconf 80' lang='lat' dir='ltr'>Bacchi</span> <span class='ocrx_word' id='word_1_233' title='bbox 1492 3499 1585 3556; x_wconf 92' lang='lat' dir='ltr'>van·</span> 
     </span>
     <span class='ocr_line' id='line_1_28' title="bbox 235 3569 1617 3695; baseline 0.006 -35"><span class='ocrx_word' id='word_1_234' title='bbox 235 3608 332 3661; x_wconf 90' lang='lat' dir='ltr'>num</span> <span class='ocrx_word' id='word_1_235' title='bbox 347 3578 450 3660; x_wconf 79' lang='lat' dir='ltr'>ideo</span> <span class='ocrx_word' id='word_1_236' title='bbox 472 3576 694 3660; x_wconf 81' lang='lat' dir='ltr'>adhibitam</span> <span class='ocrx_word' id='word_1_237' title='bbox 719 3574 886 3670; x_wconf 87' lang='lat' dir='ltr'>volunt,</span> <span class='ocrx_word' id='word_1_238' title='bbox 910 3573 1021 3689; x_wconf 85' lang='lat' dir='ltr'>qubd</span> <span class='ocrx_word' id='word_1_239' title='bbox 1042 3579 1216 3666; x_wconf 83' lang='lat' dir='ltr'>Bacchus</span> <span class='ocrx_word' id='word_1_240' title='bbox 1235 3569 1344 3680; x_wconf 60' lang='lat' dir='ltr'>i‘nJea</span> <span class='ocrx_word' id='word_1_241' title='bbox 1358 3587 1550 3695; x_wconf 87' lang='lat' dir='ltr'>repositus</span> <span class='ocrx_word' id='word_1_242' title='bbox 1571 3645 1589 3686; x_wconf 43' lang='grc' dir='ltr'>,ι</span> <span class='ocrx_word' id='word_1_243' title='bbox 1612 3575 1617 3590; x_wconf 68' lang='grc'>’</span> 
     </span>
     <span class='ocr_line' id='line_1_29' title="bbox 234 3685 1583 3810; baseline 0.009 -36"><span class='ocrx_word' id='word_1_244' title='bbox 234 3719 441 3806; x_wconf 88' lang='lat' dir='ltr'>postquam</span> <span class='ocrx_word' id='word_1_245' title='bbox 456 3723 506 3775; x_wconf 88' lang='lat' dir='ltr'>ex</span> <span class='ocrx_word' id='word_1_246' title='bbox 523 3715 634 3774; x_wconf 92' lang='lat' dir='ltr'>utero</span> <span class='ocrx_word' id='word_1_247' title='bbox 647 3694 784 3775; x_wconf 89' lang='lat' dir='ltr'>matris</span> <span class='ocrx_word' id='word_1_248' title='bbox 796 3703 897 3787; x_wconf 75' lang='lat' dir='ltr'>‚aut</span> <span class='ocrx_word' id='word_1_249' title='bbox 912 3689 1018 3808; x_wconf 81' lang='lat' dir='ltr'>Jovis</span> <span class='ocrx_word' id='word_1_250' title='bbox 1034 3685 1185 3777; x_wconf 82' lang='lat' dir='ltr'>femore</span> <span class='ocrx_word' id='word_1_251' title='bbox 1200 3692 1328 3778; x_wconf 87' lang='lat' dir='ltr'>editus</span> <span class='ocrx_word' id='word_1_252' title='bbox 1340 3723 1415 3780; x_wconf 80' lang='lat' dir='ltr'>est.</span> <span class='ocrx_word' id='word_1_253' title='bbox 1464 3701 1583 3810; x_wconf 85' lang='lat' dir='ltr'>Quae</span> 
     </span>
     <span class='ocr_line' id='line_1_30' title="bbox 186 3805 1661 3920; baseline 0.007 -31"><span class='ocrx_word' id='word_1_254' title='bbox 186 3842 193 3856; x_wconf 94' lang='lat'><strong>·</strong></span> <span class='ocrx_word' id='word_1_255' title='bbox 234 3806 326 3890; x_wconf 74' lang='lat' dir='ltr'>sane</span> <span class='ocrx_word' id='word_1_256' title='bbox 347 3813 444 3890; x_wconf 85' lang='lat' dir='ltr'>ratio</span> <span class='ocrx_word' id='word_1_257' title='bbox 472 3807 745 3888; x_wconf 88' lang='lat' dir='ltr'>levis&#39;omnino</span> <span class='ocrx_word' id='word_1_258' title='bbox 772 3805 1272 3920; x_wconf 68' lang='lat' dir='ltr'>ponderisvidetur,&#39;ci1m</span> <span class='ocrx_word' id='word_1_259' title='bbox 1292 3810 1466 3896; x_wconf 63' lang='lat' dir='ltr'>in&#39;ea&#39;re</span> <span class='ocrx_word' id='word_1_260' title='bbox 1484 3816 1583 3900; x_wconf 90' lang='lat' dir='ltr'>nihil</span> <span class='ocrx_word' id='word_1_261' title='bbox 1658 3897 1661 3908; x_wconf 25' lang='lat' dir='ltr'><em>ff</em></span> 
     </span>
     <span class='ocr_line' id='line_1_31' title="bbox 235 3916 1583 4040; baseline 0.007 -34"><span class='ocrx_word' id='word_1_262' title='bbox 235 3924 470 4006; x_wconf 88' lang='lat' dir='ltr'>discriminis</span> <span class='ocrx_word' id='word_1_263' title='bbox 491 3916 749 4040; x_wconf 77' lang='lat' dir='ltr'>intercesserit</span> <span class='ocrx_word' id='word_1_264' title='bbox 774 3919 978 4005; x_wconf 83' lang='lat' dir='ltr'>Baechum</span> <span class='ocrx_word' id='word_1_265' title='bbox 1000 3918 1105 4004; x_wconf 83' lang='lat' dir='ltr'>inter</span> <span class='ocrx_word' id='word_1_266' title='bbox 1135 3949 1176 4006; x_wconf 94' lang='lat' dir='ltr'>et</span> <span class='ocrx_word' id='word_1_267' title='bbox 1203 3948 1378 4007; x_wconf 87' lang='lat' dir='ltr'>caeteros</span> <span class='ocrx_word' id='word_1_268' title='bbox 1396 3931 1583 4014; x_wconf 89' lang='lat' dir='ltr'>mortales</span> 
     </span>
     <span class='ocr_line' id='line_1_32' title="bbox 235 4036 1586 4150; baseline 0.006 -29"><span class='ocrx_word' id='word_1_269' title='bbox 235 4037 318 4144; x_wconf 84' lang='lat' dir='ltr'>ejus</span> <span class='ocrx_word' id='word_1_270' title='bbox 333 4063 566 4120; x_wconf 86' lang='lat' dir='ltr'>coaetaneos</span> <span class='ocrx_word' id='word_1_271' title='bbox 599 4045 603 4052; x_wconf 82' lang='grc'><em>“</em></span> <span class='ocrx_word' id='word_1_272' title='bbox 621 4037 738 4118; x_wconf 89' lang='lat' dir='ltr'>Tunc</span> <span class='ocrx_word' id='word_1_273' title='bbox 758 4045 945 4150; x_wconf 88' lang='lat' dir='ltr'>temporis</span> <span class='ocrx_word' id='word_1_274' title='bbox 960 4065 1097 4120; x_wconf 88' lang='lat' dir='ltr'>omnes</span> <span class='ocrx_word' id='word_1_275' title='bbox 1111 4036 1246 4120; x_wconf 66' lang='lat' dir='ltr'>rec‘ens</span> <span class='ocrx_word' id='word_1_276' title='bbox 1261 4043 1343 4120; x_wconf 90' lang='lat' dir='ltr'>nati</span> <span class='ocrx_word' id='word_1_277' title='bbox 1357 4042 1586 4130; x_wconf 90' lang='lat' dir='ltr'>invaunum</span> 
     </span>
     <span class='ocr_line' id='line_1_33' title="bbox 234 4147 1583 4265; baseline 0.007 -31"><span class='ocrx_word' id='word_1_278' title='bbox 234 4153 286 4234; x_wconf 91' lang='lat' dir='ltr'>de</span> <span class='ocrx_word' id='word_1_279' title='bbox 303 4181 413 4235; x_wconf 91' lang='lat' dir='ltr'>more</span> <span class='ocrx_word' id='word_1_280' title='bbox 434 4149 721 4260; x_wconf 88' lang='lat' dir='ltr'>reponebantur</span> <span class='ocrx_word' id='word_1_281' title='bbox 738 4151 783 4242; x_wconf 88' lang='lat' dir='ltr'>(e</span> <span class='ocrx_word' id='word_1_282' title='bbox 795 4161 826 4252; x_wconf 74' lang='lat' dir='ltr'>y.</span> <span class='ocrx_word' id='word_1_283' title='bbox 864 4148 949 4233; x_wconf 90' lang='lat' dir='ltr'>Alii</span> <span class='ocrx_word' id='word_1_284' title='bbox 960 4179 1010 4232; x_wconf 89' lang='lat' dir='ltr'>ex</span> <span class='ocrx_word' id='word_1_285' title='bbox 1032 4147 1207 4265; x_wconf 79' lang='lat' dir='ltr'>eo&#39;qub&#39;d</span> <span class='ocrx_word' id='word_1_286' title='bbox 1231 4151 1298 4234; x_wconf 90' lang='lat' dir='ltr'>Isis</span> <span class='ocrx_word' id='word_1_287' title='bbox 1316 4151 1478 4238; x_wconf 78' lang='lat' dir='ltr'>fratrem</span> <span class='ocrx_word' id='word_1_288' title='bbox 1489 4161 1583 4243; x_wconf 90' lang='lat' dir='ltr'>Osi-</span> 
     </span>
     <span class='ocr_line' id='line_1_34' title="bbox 235 4263 1588 4378; baseline 0.007 -29"><span class='ocrx_word' id='word_1_289' title='bbox 235 4273 344 4355; x_wconf 87' lang='lat' dir='ltr'>rim,</span> <span class='ocrx_word' id='word_1_290' title='bbox 375 4266 439 4349; x_wconf 88' lang='lat' dir='ltr'>seu</span> <span class='ocrx_word' id='word_1_291' title='bbox 462 4263 659 4348; x_wconf 89' lang='lat' dir='ltr'>Bacchum</span> <span class='ocrx_word' id='word_1_292' title='bbox 680 4293 703 4346; x_wconf 87' lang='lat' dir='ltr'>a</span> <span class='ocrx_word' id='word_1_293' title='bbox 731 4265 932 4378; x_wconf 83' lang='lat' dir='ltr'>Typhone</span> <span class='ocrx_word' id='word_1_294' title='bbox 955 4263 1077 4350; x_wconf 86' lang='lat' dir='ltr'>fratre</span> <span class='ocrx_word' id='word_1_295' title='bbox 1104 4267 1400 4358; x_wconf 79' lang='lat' dir='ltr'>dilaniatumin</span> <span class='ocrx_word' id='word_1_296' title='bbox 1430 4268 1588 4371; x_wconf 78' lang='lat' dir='ltr'>frusta„</span> 
     </span>
     <span class='ocr_line' id='line_1_35' title="bbox 235 4371 1586 4504; baseline 0.007 -39"><span class='ocrx_word' id='word_1_297' title='bbox 235 4409 366 4466; x_wconf 91' lang='lat' dir='ltr'>vanno</span> <span class='ocrx_word' id='word_1_298' title='bbox 384 4378 587 4493; x_wconf 87' lang='lat' dir='ltr'>collegerit</span> <span class='ocrx_word' id='word_1_299' title='bbox 597 4376 672 4485; x_wconf 85' lang='lat' dir='ltr'><em>(f).</em></span> <span class='ocrx_word' id='word_1_300' title='bbox 711 4383 753 4462; x_wconf 90' lang='lat' dir='ltr'>ln</span> <span class='ocrx_word' id='word_1_301' title='bbox 764 4409 903 4464; x_wconf 89' lang='lat' dir='ltr'>eorum</span> <span class='ocrx_word' id='word_1_302' title='bbox 919 4371 997 4494; x_wconf 80' lang='lat' dir='ltr'>¹ego</span> <span class='ocrx_word' id='word_1_303' title='bbox 1013 4381 1147 4466; x_wconf 89' lang='lat' dir='ltr'>malim</span> <span class='ocrx_word' id='word_1_304' title='bbox 1162 4386 1219 4464; x_wconf 89' lang='lat' dir='ltr'>ire</span> <span class='ocrx_word' id='word_1_305' title='bbox 1234 4378 1493 4484; x_wconf 84' lang='lat' dir='ltr'>sententiam,</span> <span class='ocrx_word' id='word_1_306' title='bbox 1513 4397 1586 4504; x_wconf 86' lang='lat' dir='ltr'>qui</span> 
     </span>
    </p>
   </div>
   <div class='ocr_carea' id='block_1_4' title="bbox 234 4573 1585 4768">
    <p class='ocr_par' dir='ltr' id='par_1_5' title="bbox 234 4573 1585 4768">
     <span class='ocr_line' id='line_1_36' title="bbox 246 4573 1585 4690; baseline 0.008 -23"><span class='ocrx_word' id='word_1_307' title='bbox 246 4659 252 4676; x_wconf 88' lang='grc'><strong>,</strong></span> <span class='ocrx_word' id='word_1_308' title='bbox 314 4612 379 4684; x_wconf 68' lang='grc' dir='ltr'>[ι]</span> <span class='ocrx_word' id='word_1_309' title='bbox 400 4609 462 4668; x_wconf 72' lang='lat' dir='ltr'>rur.</span> <span class='ocrx_word' id='word_1_310' title='bbox 473 4613 574 4687; x_wconf 70' lang='lat' dir='ltr'>ceorg.</span> <span class='ocrx_word' id='word_1_311' title='bbox 601 4622 604 4628; x_wconf 55' lang='grc'>’</span> <span class='ocrx_word' id='word_1_312' title='bbox 636 4609 814 4688; x_wconf 76' lang='lat' dir='ltr'>[ryvugu.</span> <span class='ocrx_word' id='word_1_313' title='bbox 827 4607 956 4686; x_wconf 67' lang='lat' dir='ltr'>Georgo.</span> <span class='ocrx_word' id='word_1_314' title='bbox 970 4611 993 4672; x_wconf 89' lang='lat'>1.</span> <span class='ocrx_word' id='word_1_315' title='bbox 1065 4603 1127 4688; x_wconf 77' lang='grc' dir='ltr'>[ἰ]</span> <span class='ocrx_word' id='word_1_316' title='bbox 1150 4609 1254 4674; x_wconf 73' lang='lat' dir='ltr'>seruus</span> <span class='ocrx_word' id='word_1_317' title='bbox 1268 4607 1337 4672; x_wconf 74' lang='lat' dir='ltr'>tut.</span> <span class='ocrx_word' id='word_1_318' title='bbox 1408 4573 1585 4690; x_wconf 65' lang='lat' dir='ltr'>[tyrum</span> 
     </span>
     <span class='ocr_line' id='line_1_37' title="bbox 234 4685 960 4768; baseline 0.001 -21"><span class='ocrx_word' id='word_1_319' title='bbox 234 4685 303 4751; x_wconf 82' lang='lat' dir='ltr'>ibid.</span> <span class='ocrx_word' id='word_1_320' title='bbox 361 4693 397 4763; x_wconf 83' lang='lat' dir='ltr'>[r</span> <span class='ocrx_word' id='word_1_321' title='bbox 409 4695 423 4768; x_wconf 92' lang='grc'>]</span> <span class='ocrx_word' id='word_1_322' title='bbox 437 4687 516 4751; x_wconf 86' lang='lat' dir='ltr'>Idem</span> <span class='ocrx_word' id='word_1_323' title='bbox 528 4690 592 4750; x_wconf 83' lang='lat' dir='ltr'>loto</span> <span class='ocrx_word' id='word_1_324' title='bbox 602 4687 652 4750; x_wconf 86' lang='lat' dir='ltr'>cit.</span> <span class='ocrx_word' id='word_1_325' title='bbox 714 4687 779 4768; x_wconf 83' lang='lat' dir='ltr'>[s]</span> <span class='ocrx_word' id='word_1_326' title='bbox 800 4685 882 4748; x_wconf 80' lang='lat' dir='ltr'>ldero</span> <span class='ocrx_word' id='word_1_327' title='bbox 889 4685 960 4748; x_wconf 85' lang='lat' dir='ltr'>ibid.</span> 
     </span>
    </p>
   </div>
   <div class='ocr_carea' id='block_1_5' title="bbox 0 0 2114 5484">
    <p class='ocr_par' dir='ltr' id='par_1_6' title="bbox 0 0 2114 5484">
     <span class='ocr_line' id='line_1_38' title="bbox 0 0 2114 5484; baseline 0 6"><span class='ocrx_word' id='word_1_328' title='bbox 0 0 2114 5484; x_wconf 95' lang='lat' dir='ltr'> </span> 
     </span>
    </p>
   </div>
  </div>
 </body>
</html>
