<?xml version="1.0" encoding="UTF-8"?>
<!DOCTYPE html PUBLIC "-//W3C//DTD XHTML 1.0 Transitional//EN"
    "http://www.w3.org/TR/xhtml1/DTD/xhtml1-transitional.dtd">
<html xmlns="http://www.w3.org/1999/xhtml" xml:lang="en" lang="en">
 <head>
  <title>
</title>
<meta http-equiv="Content-Type" content="text/html;charset=utf-8" />
  <meta name='ocr-system' content='tesseract 3.04.00' />
  <meta name='ocr-capabilities' content='ocr_page ocr_carea ocr_par ocr_line ocrx_word'/>
</head>
<body>
  <div class='ocr_page' id='page_1' title='image "alexandrixavier00panegoog_0073.png"; bbox 0 0 4212 5496; ppageno 0'>
   <div class='ocr_carea' id='block_1_1' title="bbox 480 302 1594 424">
    <p class='ocr_par' dir='ltr' id='par_1_1' title="bbox 480 302 1594 424">
     <span class='ocr_line' id='line_1_1' title="bbox 480 302 1594 424; baseline -0.011 -22"><span class='ocrx_word' id='word_1_1' title='bbox 480 415 482 418; x_wconf 78' lang='lat'><em>.</em></span> <span class='ocrx_word' id='word_1_2' title='bbox 554 329 613 401; x_wconf 78' lang='lat' dir='ltr'>te</span> <span class='ocrx_word' id='word_1_3' title='bbox 855 308 952 402; x_wconf 75' lang='lat' dir='ltr'>or</span> <span class='ocrx_word' id='word_1_4' title='bbox 1023 302 1594 424; x_wconf 77' lang='lat' dir='ltr'>crsroruortrs.</span> 
     </span>
    </p>
   </div>
   <div class='ocr_carea' id='block_1_2' title="bbox 494 430 1812 660">
    <p class='ocr_par' dir='ltr' id='par_1_2' title="bbox 494 430 1812 660">
     <span class='ocr_line' id='line_1_2' title="bbox 494 430 1812 544; baseline -0.014 -25"><span class='ocrx_word' id='word_1_5' title='bbox 494 444 503 459; x_wconf 86' lang='grc'>’</span> <span class='ocrx_word' id='word_1_6' title='bbox 668 444 772 516; x_wconf 86' lang='lat' dir='ltr'>Mons</span> <span class='ocrx_word' id='word_1_7' title='bbox 787 442 948 526; x_wconf 80' lang='lat' dir='ltr'>Bromio,</span> <span class='ocrx_word' id='word_1_8' title='bbox 978 430 1309 544; x_wconf 69' lang='lat' dir='ltr'>Phoeboqueficer,</span> <span class='ocrx_word' id='word_1_9' title='bbox 1337 437 1395 510; x_wconf 85' lang='lat' dir='ltr'>cui</span> <span class='ocrx_word' id='word_1_10' title='bbox 1411 437 1556 509; x_wconf 85' lang='lat' dir='ltr'>numine</span> <span class='ocrx_word' id='word_1_11' title='bbox 1575 432 1692 509; x_wconf 82' lang='lat' dir='ltr'>mixto</span> <span class='ocrx_word' id='word_1_12' title='bbox 1806 525 1812 540; x_wconf 36' lang='lat'><strong>·</strong></span> 
     </span>
     <span class='ocr_line' id='line_1_3' title="bbox 671 541 1705 660; baseline -0.01 -32"><span class='ocrx_word' id='word_1_13' title='bbox 671 549 851 660; x_wconf 80' lang='lat' dir='ltr'>Delphica</span> <span class='ocrx_word' id='word_1_14' title='bbox 862 545 1052 639; x_wconf 63' lang='lat' dir='ltr'>Thebanae</span> <span class='ocrx_word' id='word_1_15' title='bbox 1067 547 1224 652; x_wconf 61' lang='lat' dir='ltr'>eniteat</span> <span class='ocrx_word' id='word_1_16' title='bbox 1236 551 1421 624; x_wconf 79' lang='lat' dir='ltr'><em>trieterica</em></span> <span class='ocrx_word' id='word_1_17' title='bbox 1438 541 1615 624; x_wconf 77' lang='lat' dir='ltr'><em>Bacchae.</em></span> <span class='ocrx_word' id='word_1_18' title='bbox 1703 611 1705 618; x_wconf 91' lang='lat'><em>.</em></span> 
     </span>
    </p>
   </div>
   <div class='ocr_carea' id='block_1_3' title="bbox 556 674 1902 904">
    <p class='ocr_par' dir='ltr' id='par_1_3' title="bbox 556 674 1902 906">
     <span class='ocr_line' id='line_1_4' title="bbox 556 674 1902 794; baseline -0.011 -25"><span class='ocrx_word' id='word_1_19' title='bbox 556 689 618 768; x_wconf 90' lang='lat' dir='ltr'>Ut</span> <span class='ocrx_word' id='word_1_20' title='bbox 634 681 828 794; x_wconf 84' lang='lat' dir='ltr'>Apollini,</span> <span class='ocrx_word' id='word_1_21' title='bbox 849 688 919 764; x_wconf 67' lang='lat' dir='ltr'>rita</span> <span class='ocrx_word' id='word_1_22' title='bbox 934 678 1100 761; x_wconf 79' lang='lat' dir='ltr'>Baccho</span> <span class='ocrx_word' id='word_1_23' title='bbox 1122 685 1287 777; x_wconf 79' lang='lat' dir='ltr'>comites</span> <span class='ocrx_word' id='word_1_24' title='bbox 1303 709 1448 762; x_wconf 88' lang='lat' dir='ltr'>novem</span> <span class='ocrx_word' id='word_1_25' title='bbox 1473 697 1777 761; x_wconf 68' lang='lat' dir='ltr'>annumerantur</span> <span class='ocrx_word' id='word_1_26' title='bbox 1799 674 1902 757; x_wconf 78' lang='lat' dir='ltr'>Mu·</span> 
     </span>
     <span class='ocr_line' id='line_1_5' title="bbox 559 785 1802 904; baseline -0.014 -22"><span class='ocrx_word' id='word_1_27' title='bbox 559 796 622 881; x_wconf 86' lang='lat' dir='ltr'>sae</span> <span class='ocrx_word' id='word_1_28' title='bbox 636 803 646 894; x_wconf 78' lang='lat' dir='ltr'>l</span> <span class='ocrx_word' id='word_1_29' title='bbox 656 808 701 899; x_wconf 81' lang='lat' dir='ltr'>a)</span> <span class='ocrx_word' id='word_1_30' title='bbox 721 831 728 875; x_wconf 91' lang='lat'>:</span> <span class='ocrx_word' id='word_1_31' title='bbox 763 821 927 904; x_wconf 85' lang='lat' dir='ltr'>uterque</span> <span class='ocrx_word' id='word_1_32' title='bbox 941 803 1146 888; x_wconf 76' lang='lat' dir='ltr'>Poetarum</span> <span class='ocrx_word' id='word_1_33' title='bbox 1161 821 1311 904; x_wconf 79' lang='lat' dir='ltr'>praeses</span> <span class='ocrx_word' id='word_1_34' title='bbox 1328 830 1336 873; x_wconf 76' lang='grc' dir='ltr'><strong><em>ε</em></strong></span> <span class='ocrx_word' id='word_1_35' title='bbox 1364 797 1533 876; x_wconf 91' lang='lat' dir='ltr'>Horatio</span> <span class='ocrx_word' id='word_1_36' title='bbox 1550 785 1599 885; x_wconf 89' lang='lat' dir='ltr'>(b</span> <span class='ocrx_word' id='word_1_37' title='bbox 1613 802 1625 886; x_wconf 78' lang='lat' dir='ltr'>J</span> <span class='ocrx_word' id='word_1_38' title='bbox 1641 829 1659 870; x_wconf 76' lang='lat'>:-</span> <span class='ocrx_word' id='word_1_39' title='bbox 1799 833 1802 838; x_wconf 91' lang='lat'>-</span> 
     </span>
    </p>
   </div>
   <div class='ocr_carea' id='block_1_4' title="bbox 673 935 1392 1140">
    <p class='ocr_par' dir='ltr' id='par_1_4' title="bbox 673 935 1392 1140">
     <span class='ocr_line' id='line_1_6' title="bbox 673 935 1392 1047; baseline -0.008 -23"><span class='ocrx_word' id='word_1_40' title='bbox 673 941 901 1032; x_wconf 76' lang='lat' dir='ltr'>Bacchamin</span> <span class='ocrx_word' id='word_1_41' title='bbox 915 944 1231 1021; x_wconf 82' lang='lat' dir='ltr'>remotircarmina</span> <span class='ocrx_word' id='word_1_42' title='bbox 1249 935 1392 1047; x_wconf 72' lang='lat' dir='ltr'>ruptius</span> 
     </span>
     <span class='ocr_line' id='line_1_7' title="bbox 676 1057 974 1140; baseline -0.02 0"><span class='ocrx_word' id='word_1_43' title='bbox 676 1064 717 1140; x_wconf 87' lang='lat' dir='ltr'><em>V</em></span> <span class='ocrx_word' id='word_1_44' title='bbox 712 1057 770 1136; x_wconf 78' lang='lat' dir='ltr'>idi</span> <span class='ocrx_word' id='word_1_45' title='bbox 787 1057 974 1134; x_wconf 83' lang='lat' dir='ltr'><em>docentem.</em></span> 
     </span>
    </p>
   </div>
   <div class='ocr_carea' id='block_1_5' title="bbox 463 1157 1911 1874">
    <p class='ocr_par' dir='ltr' id='par_1_5' title="bbox 463 1157 1911 1874">
     <span class='ocr_line' id='line_1_8' title="bbox 558 1157 1907 1311; baseline -0.016 -32"><span class='ocrx_word' id='word_1_46' title='bbox 558 1204 729 1311; x_wconf 82' lang='lat' dir='ltr'>Utrique</span> <span class='ocrx_word' id='word_1_47' title='bbox 741 1193 868 1288; x_wconf 70' lang='lat' dir='ltr'>laureas</span> <span class='ocrx_word' id='word_1_48' title='bbox 878 1213 1037 1300; x_wconf 87' lang='lat' dir='ltr'>quoque</span> <span class='ocrx_word' id='word_1_49' title='bbox 1051 1181 1153 1265; x_wconf 86' lang='lat' dir='ltr'>sacra</span> <span class='ocrx_word' id='word_1_50' title='bbox 1166 1183 1206 1274; x_wconf 87' lang='lat' dir='ltr'>(c</span> <span class='ocrx_word' id='word_1_51' title='bbox 1218 1191 1253 1280; x_wconf 76' lang='lat' dir='ltr'>I,</span> <span class='ocrx_word' id='word_1_52' title='bbox 1286 1182 1393 1296; x_wconf 86' lang='lat' dir='ltr'>quod</span> <span class='ocrx_word' id='word_1_53' title='bbox 1409 1184 1460 1266; x_wconf 84' lang='lat' dir='ltr'>de</span> <span class='ocrx_word' id='word_1_54' title='bbox 1475 1173 1642 1268; x_wconf 81' lang='lat' dir='ltr'>oraculis</span> <span class='ocrx_word' id='word_1_55' title='bbox 1661 1157 1784 1266; x_wconf 72' lang='lat' dir='ltr'>eliani</span> <span class='ocrx_word' id='word_1_56' title='bbox 1792 1183 1907 1269; x_wconf 73' lang='lat' dir='ltr'>affir.</span> 
     </span>
     <span class='ocr_line' id='line_1_9' title="bbox 557 1293 1903 1410; baseline -0.015 -11"><span class='ocrx_word' id='word_1_57' title='bbox 557 1341 666 1400; x_wconf 89' lang='lat' dir='ltr'>mare</span> <span class='ocrx_word' id='word_1_58' title='bbox 683 1333 764 1392; x_wconf 89' lang='lat' dir='ltr'>est:</span> <span class='ocrx_word' id='word_1_59' title='bbox 786 1302 892 1384; x_wconf 85' lang='lat' dir='ltr'>unde</span> <span class='ocrx_word' id='word_1_60' title='bbox 908 1300 1071 1382; x_wconf 87' lang='lat' dir='ltr'>Libanio</span> <span class='ocrx_word' id='word_1_61' title='bbox 1086 1304 1099 1393; x_wconf 87' lang='lat'>&lt;</span> <span class='ocrx_word' id='word_1_62' title='bbox 1115 1295 1141 1370; x_wconf 81' lang='lat' dir='ltr'>d</span> <span class='ocrx_word' id='word_1_63' title='bbox 1151 1309 1187 1398; x_wconf 84' lang='lat'>),</span> <span class='ocrx_word' id='word_1_64' title='bbox 1204 1293 1311 1376; x_wconf 86' lang='lat' dir='ltr'>idem</span> <span class='ocrx_word' id='word_1_65' title='bbox 1324 1295 1579 1410; x_wconf 72' lang='lat' dir='ltr'>Apollo-‚qui</span> <span class='ocrx_word' id='word_1_66' title='bbox 1593 1295 1774 1381; x_wconf 83' lang='lat' dir='ltr'>Bacchus.</span> <span class='ocrx_word' id='word_1_67' title='bbox 1805 1301 1903 1386; x_wconf 84' lang='lat' dir='ltr'>Cal-</span> 
     </span>
     <span class='ocr_line' id='line_1_10' title="bbox 463 1405 1906 1520; baseline -0.009 -9"><span class='ocrx_word' id='word_1_68' title='bbox 463 1486 467 1499; x_wconf 79' lang='lat'>·</span> <span class='ocrx_word' id='word_1_69' title='bbox 555 1430 728 1510; x_wconf 84' lang='lat' dir='ltr'>li&#39;stratus</span> <span class='ocrx_word' id='word_1_70' title='bbox 741 1425 784 1498; x_wconf 88' lang='lat' dir='ltr'>in</span> <span class='ocrx_word' id='word_1_71' title='bbox 795 1437 1005 1498; x_wconf 87' lang='lat' dir='ltr'>statuarum</span> <span class='ocrx_word' id='word_1_72' title='bbox 1021 1405 1326 1520; x_wconf 87' lang='lat' dir='ltr'>expositionibus</span> <span class='ocrx_word' id='word_1_73' title='bbox 1340 1413 1521 1492; x_wconf 86' lang='lat' dir='ltr'>meminit</span> <span class='ocrx_word' id='word_1_74' title='bbox 1537 1410 1737 1519; x_wconf 77' lang='lat' dir='ltr'>cujusdam</span> <span class='ocrx_word' id='word_1_75' title='bbox 1752 1414 1906 1498; x_wconf 72' lang='lat' dir='ltr'>Bacchi,</span> 
     </span>
     <span class='ocr_line' id='line_1_11' title="bbox 556 1517 1907 1651; baseline -0.008 -29"><span class='ocrx_word' id='word_1_76' title='bbox 556 1539 681 1651; x_wconf 87' lang='lat' dir='ltr'>lyram</span> <span class='ocrx_word' id='word_1_77' title='bbox 701 1529 835 1642; x_wconf 88' lang='lat' dir='ltr'>thyrso</span> <span class='ocrx_word' id='word_1_78' title='bbox 858 1525 1067 1627; x_wconf 84' lang='lat' dir='ltr'>fulcientis.</span> <span class='ocrx_word' id='word_1_79' title='bbox 1112 1525 1207 1604; x_wconf 91' lang='lat' dir='ltr'>Non</span> <span class='ocrx_word' id='word_1_80' title='bbox 1231 1517 1507 1606; x_wconf 79' lang='lat' dir='ltr'>alliisvidetur</span> <span class='ocrx_word' id='word_1_81' title='bbox 1535 1520 1653 1606; x_wconf 85' lang='lat' dir='ltr'>fnisse</span> <span class='ocrx_word' id='word_1_82' title='bbox 1681 1521 1907 1610; x_wconf 85' lang='lat' dir='ltr'>sententiae.</span> 
     </span>
     <span class='ocr_line' id='line_1_12' title="bbox 556 1631 1902 1765; baseline -0.019 -31"><span class='ocrx_word' id='word_1_83' title='bbox 556 1655 628 1765; x_wconf 91' lang='lat' dir='ltr'>qui</span> <span class='ocrx_word' id='word_1_84' title='bbox 642 1645 1003 1732; x_wconf 88' lang='lat' dir='ltr'>denominationem</span> <span class='ocrx_word' id='word_1_85' title='bbox 1024 1638 1164 1728; x_wconf 77' lang='lat' dir='ltr'>lavicti</span> <span class='ocrx_word' id='word_1_86' title='bbox 1176 1641 1372 1746; x_wconf 84' lang='lat' dir='ltr'>propriam</span> <span class='ocrx_word' id='word_1_87' title='bbox 1390 1633 1471 1720; x_wconf 83' lang='lat' dir='ltr'>Soli</span> <span class='ocrx_word' id='word_1_88' title='bbox 1484 1694 1501 1722; x_wconf 78' lang='grc'>,,</span> <span class='ocrx_word' id='word_1_89' title='bbox 1522 1631 1587 1718; x_wconf 70' lang='lat' dir='ltr'>reu</span> <span class='ocrx_word' id='word_1_90' title='bbox 1610 1634 1806 1749; x_wconf 82' lang='lat' dir='ltr'>Apollini,</span> <span class='ocrx_word' id='word_1_91' title='bbox 1833 1643 1902 1721; x_wconf 78' lang='lat' dir='ltr'>Li.</span> 
     </span>
     <span class='ocr_line' id='line_1_13' title="bbox 557 1745 1911 1874; baseline -0.01 -28"><span class='ocrx_word' id='word_1_92' title='bbox 557 1766 653 1850; x_wconf 88' lang='lat' dir='ltr'>bero</span> <span class='ocrx_word' id='word_1_93' title='bbox 669 1782 828 1874; x_wconf 91' lang='lat' dir='ltr'>quoque</span> <span class='ocrx_word' id='word_1_94' title='bbox 843 1749 1080 1864; x_wconf 70' lang='lat' dir='ltr'>adjudicavit</span> <span class='ocrx_word' id='word_1_95' title='bbox 1095 1753 1135 1828; x_wconf 91' lang='lat' dir='ltr'>in</span> <span class='ocrx_word' id='word_1_96' title='bbox 1152 1745 1228 1828; x_wconf 92' lang='lat' dir='ltr'>hoc</span> <span class='ocrx_word' id='word_1_97' title='bbox 1244 1749 1427 1862; x_wconf 86' lang='lat' dir='ltr'>Lipsiano</span> <span class='ocrx_word' id='word_1_98' title='bbox 1442 1747 1638 1831; x_wconf 81' lang='lat' dir='ltr'>marmore</span> <span class='ocrx_word' id='word_1_99' title='bbox 1654 1807 1665 1844; x_wconf 87' lang='lat'>,</span> <span class='ocrx_word' id='word_1_100' title='bbox 1688 1778 1777 1862; x_wconf 81' lang='lat' dir='ltr'>pag.</span> <span class='ocrx_word' id='word_1_101' title='bbox 1795 1755 1911 1838; x_wconf 70' lang='lat' dir='ltr'>CLI„</span> 
     </span>
    </p>
   </div>
   <div class='ocr_carea' id='block_1_6' title="bbox 457 1880 695 1985">
    <p class='ocr_par' dir='ltr' id='par_1_6' title="bbox 457 1880 695 1985">
     <span class='ocr_line' id='line_1_14' title="bbox 457 1880 695 1985; baseline 0.025 -59"><span class='ocrx_word' id='word_1_102' title='bbox 457 1923 478 1964; x_wconf 94' lang='grc' dir='ltr'> </span> <span class='ocrx_word' id='word_1_103' title='bbox 558 1880 695 1985; x_wconf 53' lang='lat' dir='ltr'>nnn,</span> 
     </span>
    </p>
   </div>
   <div class='ocr_carea' id='block_1_7' title="bbox 510 2069 1826 2300">
    <p class='ocr_par' dir='ltr' id='par_1_7' title="bbox 510 2069 1826 2300">
     <span class='ocr_line' id='line_1_15' title="bbox 510 2069 1759 2190; baseline -0.002 -14"><span class='ocrx_word' id='word_1_104' title='bbox 510 2173 515 2190; x_wconf 80' lang='grc'>,</span> <span class='ocrx_word' id='word_1_105' title='bbox 694 2098 737 2175; x_wconf 79' lang='lat' dir='ltr'>r..</span> <span class='ocrx_word' id='word_1_106' title='bbox 783 2069 1099 2183; x_wconf 76' lang='lat' dir='ltr'>csruvanro</span> <span class='ocrx_word' id='word_1_107' title='bbox 1144 2089 1268 2176; x_wconf 72' lang='lat' dir='ltr'>nr.</span> <span class='ocrx_word' id='word_1_108' title='bbox 1311 2088 1759 2174; x_wconf 69' lang='lat' dir='ltr'>sternumento</span> 
     </span>
     <span class='ocr_line' id='line_1_16' title="bbox 630 2203 1826 2300; baseline -0.003 -4"><span class='ocrx_word' id='word_1_109' title='bbox 630 2208 842 2300; x_wconf 78' lang='lat' dir='ltr'>vr-vrao</span> <span class='ocrx_word' id='word_1_110' title='bbox 893 2203 1200 2288; x_wconf 78' lang='lat' dir='ltr'>svonsrur.</span> <span class='ocrx_word' id='word_1_111' title='bbox 1248 2203 1325 2285; x_wconf 79' lang='lat' dir='ltr'>ur</span> <span class='ocrx_word' id='word_1_112' title='bbox 1379 2203 1649 2288; x_wconf 71' lang='lat' dir='ltr'>tonrtttcr</span> <span class='ocrx_word' id='word_1_113' title='bbox 1702 2206 1826 2292; x_wconf 70' lang='lat' dir='ltr'>nin</span> 
     </span>
    </p>
   </div>
   <div class='ocr_carea' id='block_1_8' title="bbox 761 2315 1743 2747">
    <p class='ocr_par' dir='ltr' id='par_1_8' title="bbox 761 2315 1743 2629">
     <span class='ocr_line' id='line_1_17' title="bbox 957 2315 1716 2404; baseline 0.004 -9"><span class='ocrx_word' id='word_1_114' title='bbox 957 2317 1048 2396; x_wconf 87' lang='lat' dir='ltr'>DEI</span> <span class='ocrx_word' id='word_1_115' title='bbox 1089 2317 1254 2404; x_wconf 80' lang='lat' dir='ltr'>LIBERI</span> <span class='ocrx_word' id='word_1_116' title='bbox 1294 2315 1501 2398; x_wconf 89' lang='lat' dir='ltr'>INVICTI</span> <span class='ocrx_word' id='word_1_117' title='bbox 1671 2342 1675 2350; x_wconf 85' lang='grc'>’</span> <span class='ocrx_word' id='word_1_118' title='bbox 1712 2391 1716 2398; x_wconf 88' lang='grc'><em>.</em></span> 
     </span>
     <span class='ocr_line' id='line_1_18' title="bbox 798 2425 1743 2522; baseline 0.007 -7"><span class='ocrx_word' id='word_1_119' title='bbox 798 2427 1113 2516; x_wconf 73' lang='lat' dir='ltr'>CAvaRnlA&#39;</span> <span class='ocrx_word' id='word_1_120' title='bbox 1165 2429 1380 2510; x_wconf 78' lang='lat' dir='ltr'>HILARA</span> <span class='ocrx_word' id='word_1_121' title='bbox 1435 2425 1671 2522; x_wconf 71' lang='lat' dir='ltr'>Mamm·</span> <span class='ocrx_word' id='word_1_122' title='bbox 1732 2431 1743 2462; x_wconf 87' lang='grc'><strong>’</strong></span> 
     </span>
     <span class='ocr_line' id='line_1_19' title="bbox 761 2544 1545 2629; baseline 0 -5"><span class='ocrx_word' id='word_1_123' title='bbox 761 2554 763 2562; x_wconf 79' lang='lat'><em>&#39;</em></span> <span class='ocrx_word' id='word_1_124' title='bbox 914 2545 1139 2629; x_wconf 84' lang='lat' dir='ltr'>OPTIMO·</span> <span class='ocrx_word' id='word_1_125' title='bbox 1184 2544 1545 2628; x_wconf 76' lang='lat' dir='ltr'>stnchsstuo.</span> 
     </span>
    </p>

    <p class='ocr_par' dir='ltr' id='par_1_9' title="bbox 893 2654 1585 2747">
     <span class='ocr_line' id='line_1_20' title="bbox 893 2654 1585 2747; baseline 0.017 -9"><span class='ocrx_word' id='word_1_126' title='bbox 893 2655 1038 2738; x_wconf 74' lang='lat' dir='ltr'>BnNE.</span> <span class='ocrx_word' id='word_1_127' title='bbox 1090 2654 1344 2738; x_wconf 82' lang='lat' dir='ltr'>MERENTI</span> <span class='ocrx_word' id='word_1_128' title='bbox 1404 2657 1585 2747; x_wconf 69' lang='lat' dir='ltr'>reem,</span> 
     </span>
    </p>
   </div>
   <div class='ocr_carea' id='block_1_9' title="bbox 493 2879 1966 4355">
    <p class='ocr_par' dir='ltr' id='par_1_10' title="bbox 493 2879 1966 4355">
     <span class='ocr_line' id='line_1_21' title="bbox 568 2879 1905 3000; baseline -0.007 -22"><span class='ocrx_word' id='word_1_129' title='bbox 568 2897 716 2980; x_wconf 89' lang='lat' dir='ltr'>Dicere</span> <span class='ocrx_word' id='word_1_130' title='bbox 734 2903 892 3000; x_wconf 85' lang='lat' dir='ltr'>quoque</span> <span class='ocrx_word' id='word_1_131' title='bbox 921 2881 976 2963; x_wconf 93' lang='lat' dir='ltr'>nil</span> <span class='ocrx_word' id='word_1_132' title='bbox 996 2906 1103 2964; x_wconf 86' lang='lat' dir='ltr'>vetat</span> <span class='ocrx_word' id='word_1_133' title='bbox 1124 2879 1302 2964; x_wconf 84' lang='lat' dir='ltr'>solarium</span> <span class='ocrx_word' id='word_1_134' title='bbox 1323 2881 1521 2966; x_wconf 89' lang='lat' dir='ltr'>radiorum</span> <span class='ocrx_word' id='word_1_135' title='bbox 1537 2882 1815 2997; x_wconf 83' lang='lat' dir='ltr'>projectionem</span> <span class='ocrx_word' id='word_1_136' title='bbox 1831 2915 1905 2968; x_wconf 52' lang='lat' dir='ltr'>ana</span> 
     </span>
     <span class='ocr_line' id='line_1_22' title="bbox 566 2992 1909 3111; baseline -0.007 -20"><span class='ocrx_word' id='word_1_137' title='bbox 566 3015 642 3091; x_wconf 89' lang='lat' dir='ltr'>reis</span> <span class='ocrx_word' id='word_1_138' title='bbox 660 3002 861 3111; x_wconf 86' lang='lat' dir='ltr'>designati</span> <span class='ocrx_word' id='word_1_139' title='bbox 872 2993 1054 3078; x_wconf 87' lang='lat' dir='ltr'>cornibus</span> <span class='ocrx_word' id='word_1_140' title='bbox 1070 2995 1240 3077; x_wconf 85' lang='lat' dir='ltr'>frontem</span> <span class='ocrx_word' id='word_1_141' title='bbox 1257 2992 1386 3076; x_wconf 87' lang='lat' dir='ltr'>Liberi</span> <span class='ocrx_word' id='word_1_142' title='bbox 1401 2995 1536 3106; x_wconf 90' lang='lat' dir='ltr'>passim</span> <span class='ocrx_word' id='word_1_143' title='bbox 1551 2997 1827 3108; x_wconf 84' lang='lat' dir='ltr'>opacantibus;</span> <span class='ocrx_word' id='word_1_144' title='bbox 1842 3005 1909 3081; x_wconf 83' lang='lat' dir='ltr'>So-</span> 
     </span>
     <span class='ocr_line' id='line_1_23' title="bbox 565 3107 1915 3218; baseline -0.009 -16"><span class='ocrx_word' id='word_1_145' title='bbox 565 3122 725 3202; x_wconf 80' lang='lat' dir='ltr'>IIscirca</span> <span class='ocrx_word' id='word_1_146' title='bbox 744 3111 879 3194; x_wconf 84' lang='lat' dir='ltr'>orbern</span> <span class='ocrx_word' id='word_1_147' title='bbox 898 3107 1188 3197; x_wconf 80' lang='lat' dir='ltr'>revolutiones,</span> <span class='ocrx_word' id='word_1_148' title='bbox 1216 3107 1593 3218; x_wconf 82' lang='lat' dir='ltr'>peregrinationibus</span> <span class='ocrx_word' id='word_1_149' title='bbox 1608 3111 1748 3192; x_wconf 87' lang='lat' dir='ltr'>Bacchi</span> <span class='ocrx_word' id='word_1_150' title='bbox 1760 3114 1801 3192; x_wconf 89' lang='lat' dir='ltr'>in</span> <span class='ocrx_word' id='word_1_151' title='bbox 1818 3135 1915 3192; x_wconf 82' lang='lat' dir='ltr'>toto·</span> 
     </span>
     <span class='ocr_line' id='line_1_24' title="bbox 568 3219 1908 3334; baseline -0.006 -20"><span class='ocrx_word' id='word_1_152' title='bbox 568 3255 759 3314; x_wconf 87' lang='lat' dir='ltr'>terrarum</span> <span class='ocrx_word' id='word_1_153' title='bbox 777 3221 870 3304; x_wconf 88' lang='lat' dir='ltr'>orbe</span> <span class='ocrx_word' id='word_1_154' title='bbox 887 3258 903 3316; x_wconf 73' lang='grc' dir='ltr'><strong><em>ς</em></strong></span> <span class='ocrx_word' id='word_1_155' title='bbox 925 3221 1022 3302; x_wconf 87' lang='lat' dir='ltr'>Solis</span> <span class='ocrx_word' id='word_1_156' title='bbox 1033 3222 1305 3330; x_wconf 85' lang='lat' dir='ltr'>pernicitatem</span> <span class='ocrx_word' id='word_1_157' title='bbox 1320 3245 1360 3302; x_wconf 86' lang='lat' dir='ltr'>et</span> <span class='ocrx_word' id='word_1_158' title='bbox 1379 3219 1575 3318; x_wconf 85' lang='lat' dir='ltr'>calorem,</span> <span class='ocrx_word' id='word_1_159' title='bbox 1593 3223 1793 3334; x_wconf 69' lang='lat' dir='ltr'>lyncibus„</span> <span class='ocrx_word' id='word_1_160' title='bbox 1812 3253 1908 3334; x_wconf 80' lang='lat' dir='ltr'>pan-</span> 
     </span>
     <span class='ocr_line' id='line_1_25' title="bbox 567 3331 1966 3446; baseline -0.005 -19"><span class='ocrx_word' id='word_1_161' title='bbox 567 3342 729 3434; x_wconf 76' lang='lat' dir='ltr'>theris,</span> <span class='ocrx_word' id='word_1_162' title='bbox 766 3336 930 3446; x_wconf 85' lang='lat' dir='ltr'>tigribus</span> <span class='ocrx_word' id='word_1_163' title='bbox 957 3331 1229 3446; x_wconf 85' lang='lat' dir='ltr'>pernicissimis</span> <span class='ocrx_word' id='word_1_164' title='bbox 1261 3355 1379 3444; x_wconf 80' lang='lat' dir='ltr'>atque</span> <span class='ocrx_word' id='word_1_165' title='bbox 1409 3334 1646 3420; x_wconf 81' lang='lat' dir='ltr'>calidissimis</span> <span class='ocrx_word' id='word_1_166' title='bbox 1674 3333 1910 3420; x_wconf 85' lang='lat' dir='ltr'>animalibus</span> <span class='ocrx_word' id='word_1_167' title='bbox 1962 3334 1966 3345; x_wconf 60' lang='grc'><em>“</em></span> 
     </span>
     <span class='ocr_line' id='line_1_26' title="bbox 528 3445 1907 3564; baseline -0.001 -36"><span class='ocrx_word' id='word_1_168' title='bbox 528 3521 530 3528; x_wconf 25' lang='lat'><strong><em>⁴</em></strong></span> <span class='ocrx_word' id='word_1_169' title='bbox 570 3457 768 3564; x_wconf 86' lang='lat' dir='ltr'>Dionysio</span> <span class='ocrx_word' id='word_1_170' title='bbox 782 3449 895 3532; x_wconf 86' lang='lat' dir='ltr'>sacris</span> <span class='ocrx_word' id='word_1_171' title='bbox 912 3483 926 3542; x_wconf 63' lang='grc' dir='ltr'><strong><em>ς</em></strong></span> <span class='ocrx_word' id='word_1_172' title='bbox 953 3446 1159 3533; x_wconf 88' lang='lat' dir='ltr'>maculosis</span> <span class='ocrx_word' id='word_1_173' title='bbox 1175 3475 1311 3527; x_wconf 88' lang='lat' dir='ltr'>eorum</span> <span class='ocrx_word' id='word_1_174' title='bbox 1327 3445 1490 3558; x_wconf 85' lang='lat' dir='ltr'>pellibus</span> <span class='ocrx_word' id='word_1_175' title='bbox 1508 3507 1527 3542; x_wconf 74' lang='lat'>,.</span> <span class='ocrx_word' id='word_1_176' title='bbox 1549 3449 1689 3563; x_wconf 85' lang='lat' dir='ltr'>quibus</span> <span class='ocrx_word' id='word_1_177' title='bbox 1708 3449 1823 3534; x_wconf 86' lang='lat' dir='ltr'>Liber</span> <span class='ocrx_word' id='word_1_178' title='bbox 1839 3455 1907 3532; x_wconf 80' lang='lat' dir='ltr'>I&#39;a-.</span> 
     </span>
     <span class='ocr_line' id='line_1_27' title="bbox 571 3553 1911 3677; baseline -0.006 -25"><span class='ocrx_word' id='word_1_179' title='bbox 571 3596 632 3653; x_wconf 87' lang='lat' dir='ltr'>ter</span> <span class='ocrx_word' id='word_1_180' title='bbox 664 3564 903 3677; x_wconf 83' lang='lat' dir='ltr'>quandoque</span> <span class='ocrx_word' id='word_1_181' title='bbox 925 3565 1130 3652; x_wconf 85' lang='lat' dir='ltr'>amicitur,</span> <span class='ocrx_word' id='word_1_182' title='bbox 1158 3557 1352 3657; x_wconf 86' lang='lat' dir='ltr'>stellatum</span> <span class='ocrx_word' id='word_1_183' title='bbox 1378 3560 1533 3642; x_wconf 91' lang='lat' dir='ltr'>coelum</span> <span class='ocrx_word' id='word_1_184' title='bbox 1558 3553 1697 3644; x_wconf 47' lang='lat' dir='ltr'>a&#39;Sole</span> <span class='ocrx_word' id='word_1_185' title='bbox 1725 3563 1911 3674; x_wconf 85' lang='lat' dir='ltr'>syderum</span> 
     </span>
     <span class='ocr_line' id='line_1_28' title="bbox 569 3671 1907 3796; baseline -0.002 -35"><span class='ocrx_word' id='word_1_186' title='bbox 569 3683 745 3796; x_wconf 86' lang='lat' dir='ltr'>principe</span> <span class='ocrx_word' id='word_1_187' title='bbox 771 3677 1043 3760; x_wconf 64' lang='lat' dir='ltr'>moderatum</span> <span class='ocrx_word' id='word_1_188' title='bbox 1067 3671 1163 3752; x_wconf 87' lang='lat' dir='ltr'>Solis</span> <span class='ocrx_word' id='word_1_189' title='bbox 1193 3698 1369 3752; x_wconf 87' lang='lat' dir='ltr'>occasum</span> <span class='ocrx_word' id='word_1_190' title='bbox 1390 3731 1400 3760; x_wconf 91' lang='lat'>‚</span> <span class='ocrx_word' id='word_1_191' title='bbox 1424 3671 1569 3756; x_wconf 80' lang='lat' dir='ltr'>Bacchi·</span> <span class='ocrx_word' id='word_1_192' title='bbox 1582 3675 1630 3757; x_wconf 89' lang='lat' dir='ltr'>ad</span> <span class='ocrx_word' id='word_1_193' title='bbox 1648 3673 1795 3760; x_wconf 85' lang='lat' dir='ltr'>inferos</span> <span class='ocrx_word' id='word_1_194' title='bbox 1816 3676 1907 3758; x_wconf 87' lang='lat' dir='ltr'>des-</span> 
     </span>
     <span class='ocr_line' id='line_1_29' title="bbox 572 3782 1912 3902; baseline -0.003 -26"><span class='ocrx_word' id='word_1_195' title='bbox 572 3819 691 3876; x_wconf 86' lang='lat' dir='ltr'>censu</span> <span class='ocrx_word' id='word_1_196' title='bbox 708 3797 780 3874; x_wconf 70' lang='grc' dir='ltr'>διε.</span> <span class='ocrx_word' id='word_1_197' title='bbox 810 3783 914 3867; x_wconf 71' lang='lat' dir='ltr'>Ciam</span> <span class='ocrx_word' id='word_1_198' title='bbox 928 3809 1057 3868; x_wconf 87' lang='lat' dir='ltr'>autem</span> <span class='ocrx_word' id='word_1_199' title='bbox 1073 3786 1115 3862; x_wconf 90' lang='lat' dir='ltr'>in</span> <span class='ocrx_word' id='word_1_200' title='bbox 1131 3815 1179 3866; x_wconf 90' lang='lat' dir='ltr'>eo</span> <span class='ocrx_word' id='word_1_201' title='bbox 1195 3782 1433 3898; x_wconf 88' lang='lat' dir='ltr'>Cistophoro</span> <span class='ocrx_word' id='word_1_202' title='bbox 1446 3785 1541 3868; x_wconf 88' lang='lat' dir='ltr'>Solis</span> <span class='ocrx_word' id='word_1_203' title='bbox 1556 3785 1912 3902; x_wconf 82' lang='lat' dir='ltr'>sydus-expressuru-</span> 
     </span>
     <span class='ocr_line' id='line_1_30' title="bbox 569 3895 1900 4012; baseline -0.004 -23"><span class='ocrx_word' id='word_1_204' title='bbox 569 3907 647 3994; x_wconf 79' lang='lat' dir='ltr'>fit,</span> <span class='ocrx_word' id='word_1_205' title='bbox 669 3926 709 3985; x_wconf 92' lang='lat' dir='ltr'>et</span> <span class='ocrx_word' id='word_1_206' title='bbox 723 3899 878 3995; x_wconf 85' lang='lat' dir='ltr'>nullae,</span> <span class='ocrx_word' id='word_1_207' title='bbox 903 3902 1058 4012; x_wconf 87' lang='lat' dir='ltr'>quaein</span> <span class='ocrx_word' id='word_1_208' title='bbox 1074 3895 1158 3980; x_wconf 85' lang='lat' dir='ltr'>aliis</span> <span class='ocrx_word' id='word_1_209' title='bbox 1174 3897 1428 4009; x_wconf 85' lang='lat' dir='ltr'>frequentes,</span> <span class='ocrx_word' id='word_1_210' title='bbox 1453 3924 1660 4012; x_wconf 73' lang='lat' dir='ltr'>appareant</span> <span class='ocrx_word' id='word_1_211' title='bbox 1677 3901 1807 3997; x_wconf 77' lang='lat' dir='ltr'>faces,</span> <span class='ocrx_word' id='word_1_212' title='bbox 1825 3899 1900 3984; x_wconf 85' lang='lat' dir='ltr'>sus-</span> 
     </span>
     <span class='ocr_line' id='line_1_31' title="bbox 574 4009 1907 4132; baseline -0.006 -34"><span class='ocrx_word' id='word_1_213' title='bbox 574 4015 786 4132; x_wconf 83' lang='lat' dir='ltr'>picandum</span> <span class='ocrx_word' id='word_1_214' title='bbox 815 4020 922 4094; x_wconf 91' lang='lat' dir='ltr'>veuit</span> <span class='ocrx_word' id='word_1_215' title='bbox 946 4041 995 4096; x_wconf 90' lang='lat' dir='ltr'>eo</span> <span class='ocrx_word' id='word_1_216' title='bbox 1016 4009 1249 4094; x_wconf 83' lang='lat' dir='ltr'>emblemate</span> <span class='ocrx_word' id='word_1_217' title='bbox 1264 4013 1516 4095; x_wconf 87' lang='lat' dir='ltr'>Cretensium</span> <span class='ocrx_word' id='word_1_218' title='bbox 1526 4015 1650 4126; x_wconf 78' lang='lat' dir='ltr'>OrgIa</span> <span class='ocrx_word' id='word_1_219' title='bbox 1666 4013 1717 4096; x_wconf 88' lang='lat' dir='ltr'>de</span> <span class='ocrx_word' id='word_1_220' title='bbox 1736 4018 1801 4097; x_wconf 88' lang='lat' dir='ltr'>die</span> <span class='ocrx_word' id='word_1_221' title='bbox 1816 4041 1907 4099; x_wconf 89' lang='lat' dir='ltr'>tan-</span> 
     </span>
     <span class='ocr_line' id='line_1_32' title="bbox 493 4117 1613 4214; baseline -0.009 0"><span class='ocrx_word' id='word_1_222' title='bbox 493 4173 495 4178; x_wconf 53' lang='grc'><em>’</em></span> <span class='ocrx_word' id='word_1_223' title='bbox 572 4129 663 4214; x_wconf 81' lang='lat' dir='ltr'>tirm·</span> <span class='ocrx_word' id='word_1_224' title='bbox 675 4126 860 4210; x_wconf 86' lang='lat' dir='ltr'>celebrari</span> <span class='ocrx_word' id='word_1_225' title='bbox 874 4122 982 4209; x_wconf 88' lang='lat' dir='ltr'>solita</span> <span class='ocrx_word' id='word_1_226' title='bbox 999 4123 1123 4206; x_wconf 84' lang='lat' dir='ltr'>fuisse.</span> <span class='ocrx_word' id='word_1_227' title='bbox 1612 4117 1613 4121; x_wconf 8' lang='grc' dir='ltr'><strong><em>Ν</em></strong></span> 
     </span>
     <span class='ocr_line' id='line_1_33' title="bbox 634 4235 1916 4355; baseline 0 -31"><span class='ocrx_word' id='word_1_228' title='bbox 634 4245 781 4355; x_wconf 88' lang='lat' dir='ltr'>Tripus</span> <span class='ocrx_word' id='word_1_229' title='bbox 795 4246 836 4322; x_wconf 87' lang='lat' dir='ltr'>iu</span> <span class='ocrx_word' id='word_1_230' title='bbox 853 4240 976 4323; x_wconf 88' lang='lat' dir='ltr'>altero</span> <span class='ocrx_word' id='word_1_231' title='bbox 992 4235 1229 4348; x_wconf 89' lang='lat' dir='ltr'>Cistophoro</span> <span class='ocrx_word' id='word_1_232' title='bbox 1251 4241 1385 4322; x_wconf 86' lang='lat' dir='ltr'>visitur</span> <span class='ocrx_word' id='word_1_233' title='bbox 1401 4275 1413 4334; x_wconf 73' lang='grc' dir='ltr'><strong><em>ς</em></strong></span> <span class='ocrx_word' id='word_1_234' title='bbox 1435 4238 1560 4352; x_wconf 85' lang='lat' dir='ltr'>qualis</span> <span class='ocrx_word' id='word_1_235' title='bbox 1581 4237 1647 4322; x_wconf 85' lang='lat' dir='ltr'>Ille</span> <span class='ocrx_word' id='word_1_236' title='bbox 1663 4239 1781 4323; x_wconf 86' lang='lat' dir='ltr'>fuerit</span> <span class='ocrx_word' id='word_1_237' title='bbox 1798 4299 1809 4337; x_wconf 89' lang='lat'>,</span> <span class='ocrx_word' id='word_1_238' title='bbox 1837 4241 1916 4354; x_wconf 49' lang='lat' dir='ltr'>per*</span> 
     </span>
    </p>
   </div>
   <div class='ocr_carea' id='block_1_10' title="bbox 575 4413 1917 4624">
    <p class='ocr_par' dir='ltr' id='par_1_11' title="bbox 575 4413 1917 4624">
     <span class='ocr_line' id='line_1_34' title="bbox 653 4413 1917 4540; baseline 0.002 -18"><span class='ocrx_word' id='word_1_239' title='bbox 653 4468 718 4539; x_wconf 74' lang='lat' dir='ltr'>[a]</span> <span class='ocrx_word' id='word_1_240' title='bbox 740 4463 952 4525; x_wconf 77' lang='lat' dir='ltr'>DiodoruaLIb.</span> <span class='ocrx_word' id='word_1_241' title='bbox 966 4413 1009 4522; x_wconf 84' lang='lat' dir='ltr'>IV.</span> <span class='ocrx_word' id='word_1_242' title='bbox 1022 4461 1118 4520; x_wconf 81' lang='lat' dir='ltr'>etalii.</span> <span class='ocrx_word' id='word_1_243' title='bbox 1200 4458 1446 4534; x_wconf 59' lang='lat' dir='ltr'>[noum</span> <span class='ocrx_word' id='word_1_244' title='bbox 1470 4462 1531 4521; x_wconf 75' lang='lat' dir='ltr'>In.</span> <span class='ocrx_word' id='word_1_245' title='bbox 1544 4464 1590 4524; x_wconf 77' lang='lat'>11.</span> <span class='ocrx_word' id='word_1_246' title='bbox 1664 4463 1917 4540; x_wconf 54' lang='lat' dir='ltr'>[emuniit-</span> 
     </span>
     <span class='ocr_line' id='line_1_35' title="bbox 575 4537 1330 4624; baseline -0.013 -14"><span class='ocrx_word' id='word_1_247' title='bbox 575 4565 676 4610; x_wconf 70' lang='lat' dir='ltr'>coton</span> <span class='ocrx_word' id='word_1_248' title='bbox 689 4545 753 4624; x_wconf 77' lang='lat' dir='ltr'>mil,</span> <span class='ocrx_word' id='word_1_249' title='bbox 771 4557 892 4624; x_wconf 52' lang='lat' dir='ltr'>cautu!</span> <span class='ocrx_word' id='word_1_250' title='bbox 981 4541 1050 4617; x_wconf 76' lang='lat' dir='ltr'>[d]</span> <span class='ocrx_word' id='word_1_251' title='bbox 1076 4537 1229 4602; x_wconf 74' lang='lat' dir='ltr'>nolente</span> <span class='ocrx_word' id='word_1_252' title='bbox 1242 4539 1330 4604; x_wconf 80' lang='lat' dir='ltr'>xlx..</span> 
     </span>
    </p>
   </div>
   <div class='ocr_carea' id='block_1_11' title="bbox 0 0 2110 5494">
    <p class='ocr_par' dir='ltr' id='par_1_12' title="bbox 0 0 2110 5494">
     <span class='ocr_line' id='line_1_36' title="bbox 0 0 2110 5494; baseline 0 0"><span class='ocrx_word' id='word_1_253' title='bbox 0 0 2110 5494; x_wconf 95' lang='lat' dir='ltr'> </span> 
     </span>
    </p>
   </div>
  </div>
 </body>
</html>
