4218 5484
336 379 369 412 ⁴·
488 419 566 480 ,ιο
705 481 710 488 ,
807 327 1635 482 Ducisioiiioitsiss‘

497 542 675 631 quocum
699 520 854 629 nuptias
877 517 904 598 si
920 511 1094 600 inivisset
1110 515 1270 611 Gellia,
1291 515 1464 616 Martiali
1480 509 1661 629 profecti)
1679 521 1848 594 nonuen'

494 629 616 720 uisset
631 635 672 715 in
681 630 956 716 dicacitatem.

570 745 830 857 Cistophorus
848 770 1047 856 praeterea
1064 741 1263 828 nullusest
1284 773 1432 857 ‚quem
1445 741 1548 856 apud
1559 739 1740 828 Rhodios
1757 769 1847 826 cou-

497 853 638 944 llatum
657 856 776 942 fuisse
796 855 978 970 suspicari
992 865 1201 972 quisquam
1222 855 1365 971 possit,
1391 859 1537 940 nedum
1553 863 1737 940 evincere
1757 915 1768 950 ‚
1802 854 1870 936 li·-

498 999 566 1058 cet
581 971 762 1084 plerique
776 1001 912 1055 omnes
927 972 1030 1055 urbis
1049 974 1210 1083 alicujus
1226 977 1386 1054 nomine
1400 971 1613 1084 gaudeant.
1654 967 1850 1052 Ostende
1890 981 1906 992 ““

495 1089 698 1178 autetiam
715 1115 783 1168 eos
798 1115 938 1169 omnes
952 1110 1160 1198 argenteos
1171 1083 1278 1180 esse,
1300 1115 1380 1168 non
1398 1085 1674 1198 cujuscumque
1685 1081 1847 1170 moduli.

498 1227 568 1284 aut
581 1199 768 1314 ponderis
784 1261 794 1296 ,
820 1197 886 1284 sed
905 1200 960 1282 ad
975 1199 1254 1296 tetradrachmi
1265 1201 1399 1312 pondo
1410 1223 1450 1280 et
1466 1197 1633 1282 sormam
1649 1202 1849 1312 pertinge-

501 1345 546 1398 re
560 1352 569 1396 ε
585 1314 686 1396 adeo
703 1343 784 1394 nori
802 1312 923 1396 firmis
941 1320 1150 1420 momentis
1169 1317 1312 1420 nititur
1326 1310 1518 1416 sententia
1537 1307 1850 1414 Eisenschmidii.'

497 1428 623 1536 Qiod
643 1427 695 1512 ad
715 1431 819 1512 Festi
842 1426 1096 1513 autoritatem
1110 1431 1281 1534 attinet,
1305 1426 1521 1510 dicendum
1537 1425 1626 1528 sarii
1645 1423 1846 1539 perturba·

499 1567 588 1626 tuni
604 1571 655 1625 eo
668 1541 922 1626 lotiFtstum
938 1602 950 1639 ,
976 1572 1098 1655 quem
1112 1540 1204 1624 alibi
1220 1600 1232 1635 ,
1247 1539 1314 1623 ubi
1327 1540 1379 1642 de
1394 1539 1571 1642 Euboico
1588 1538 1760 1644 talento,
1778 1539 1847 1622 sibi

502 1686 584 1741 non
613 1649 819 1754 constare,
844 1661 974 1771 arguit
992 1649 1288 1770 olim-fssudaeus,
1306 1655 1394 1755 (a).
1433 1655 1507 1737 Vel
1524 1659 1598 1737 erit
1625 1651 1729 1736 sortb
1743 1653 1848 1736 acci·
1930 1693 1935 1704 ·

503 1770 650 1886 pienda
663 1770 901 1881 disjunctivis
918 1831 929 1865 ,
946 1801 1025 1852 non
1039 1767 1407 1881 autemcopulatiio
1419 1765 1530 1851 se'nsu
1548 1767 1735 1882 particula
1754 1777 1846 1874 (&):

504 1880 684 1966 Rhodium
707 1903 744 1962 et
771 1882 1009 1994 cistophorum
1023 1905 1179 1993 quatuor
1207 1882 1366 1961 millium
1388 1891 1463 1964 bic.
1496 1887 1554 1964 ita
1579 1906 1625 1966 ut
1644 1880 1848 1966 Rhodium

506 1998 699 2082 talentum
718 1997 912 2085 a'talento
941 1997 1181 2111 Cistophoro
1197 1995 1483 2109 distinguatur.
1530 1995 1607 2080 Sed
1633 2025 1735 2108 quae
1761 2018 1849 2090 tum

503 2109 690 2226 ambages
710 2109 868 2224 ,uqiiim
884 2109 1107 2196 insulenses
1123 2127 1337 2223 numquam
1354 2111 1599 2222 eiipedienda
1612 2133 1848 2230 computati*

507 2229 550 2310 di
564 2234 664 2310 ratio
684 2258 692 2308 i
711 2223 796 2308 iinb
814 2225 915 2337 peni
932 2228 1124 2315 dixerim,
1147 2231 1282 2334 ecquis
1294 2227 1345 2308 de
1358 2225 1508 2332 talento
1524 2225 1764 2346 Cistophoro
1777 2251 1848 2307 uis

501 2369 621 2458 quain
637 2338 786 2458 audivit
803 2364 815 2422 i
851 2340 995 2455 Deliis
1007 2369 1139 2454 rursus
1155 2337 1260 2430 aliis
1289 2439 1291 2444 Ι
1619 2359 1624 2372 ·

1123 2795 1159 2877 .-Ἰ
1186 2798 1243 2920 il,
1332 2898 1335 2904 Ι

435 2985 441 2992 .

557 3077 559 3084 i

420 3103 427 3115 ,
574 3016 832 3134 Cisrophoios
856 3047 891 3103 e.
904 3017 1163 3104 muneralium
1191 3015 1397 3102 incudibus
1422 3013 1614 3105 excidisse·
1633 3047 1724 3104 casu
1745 3081 1756 3110 ‚
1776 3043 1867 3104 aut·

354 3096 495 3199 ΨΜ
498 3137 647 3218 incisas
670 3130 800 3216 ineos
826 3133 969 3245 figuras
995 3132 1179 3246 opificum
1196 3131 1357 3218 airbltrio
1383 3129 1580 3247 permissas
1601 3131 1717 3218 fuisse
1732 3163 1851 3218 nemo
1881 3159 1883 3164 ·

325 3222 397 3264 urar
419 3201 490 3265 Cis·
536 3253 545 3268 ,
619 3250 629 3266 .
1138 3247 1148 3264 .
1586 3246 1598 3274 ,

250 3339 251 3345 p
292 3225 422 3390 'saphiro
433 3315 488 3359 ex·
502 3247 664 3360 dixerit.
715 3255 771 3344 Ex
787 3275 925 3330 eorum
950 3246 1202 3360 frequentia,
1233 3246 1406 3361 pondere
1424 3277 1505 3327 uno
1521 3245 1606 3329 fere
1623 3275 1664 3332 et
1679 3249 1820 3332 eodem
1840 3306 1853 3342 ‚

301 3392 417 3487 pressae
428 3389 475 3481 st.
506 3359 757 3448 similitudine
776 3419 787 3456 ,
804 3363 1010 3448 nominum
1025 3385 1146 3475 atque
1163 3361 1382 3458 litterarum
1394 3385 1533 3444 tenore
1545 3360 1853 3450 determinatum

298 3488 453 3586 gnificeni.
507 3475 667 3589 aliquod
678 3479 718 3556 in
734 3473 808 3558 illis
823 3474 1283 3582 fabricandisqconsilium
1306 3470 1458 3590 liquido
1473 3503 1638 3589 arguere
1650 3475 1715 3562 est.
1750 3477 1856 3560 Con-
1929 3487 1932 3494 “

505 3590 639 3694 silium,
652 3586 751 3671 illud
762 3587 950 3672 scrutanti
964 3613 1027 3686 ,et
1042 3585 1264 3676 commissas
1275 3589 1440 3698 hujusce
1457 3594 1612 3702 generis
1629 3621 1793 3676 nummo
1806 3589 1856 3676 si·

505 3731 623 3814 guias
645 3707 818 3802 intuenti,
836 3699 1050 3792 curiosius,
1079 3706 1245 3792 ueniunt
1270 3702 1315 3785 iii
1333 3729 1509 3788 mentem
1524 3703 1650 3815 Orgia
1677 3705 1818 3788 Bacchi
1831 3733 1854 3800 ,,·

506 3825 669 3932 ipsaque
684 3814 784 3897 adeo
805 3817 1111 3910 adaerernitatis
1125 3817 1610 3930 memoriamCistopboro
1625 3825 1855 3931 consignata

508 3928 626 4014 fuisse
641 3929 893 4014 tandemnon
910 3928 1134 4043 ambigitur.
1163 3934 1314 4022 uInvitis
1324 3933 1510 4044 equidem
1522 3934 1768 4016 commodior
1781 3933 1856 4042 alia

508 4043 622 4128 nobis
644 4072 725 4125 non
750 4051 920 4129 occurrit
948 4049 1194 4136 numismatis
1208 4045 1394 4132 enodatio
1412 4104 1424 4144 ‚
1445 4075 1530 4161 per,
1544 4075 1665 4160 quam
1677 4047 1813 4134 liceret
1828 4075 1855 4130 e

507 4159 642 4243 debita
659 4155 910 4241 tenebrarum
925 4157 1093 4271 caligine
1109 4155 1343 4274 propudiosa
1366 4165 1410 4242 iii
1422 4159 1554 4244 lucem
1568 4193 1648 4244 non
1670 4189 1857 4244 revocare

507 4273 708 4385 mysteria.
750 4271 1021 4383 Qiamobrem
1052 4269 1182 4366 sobrib
1208 4274 1261 4366 de
1283 4271 1358 4358 illis
1379 4273 1579 4392 disputare
1601 4273 1853 4392 aggredimur

506 4411 700 4470 memores
717 4383 813 4468 dicti
830 4385 1240 4500 ApostolicitMunda
1259 4384 1414 4498 manilii.
1867 4389 1870 4394 ‘

500 4671 504 4680 ¹
560 4635 683 4718 (siue
699 4636 783 4741 Asse,
802 4635 913 4726 Libdg.
