4212 5496
508 360 609 441 ,με
801 335 923 430 nn
992 328 1564 438 coturnosis.

517 501 601 562 tem
622 467 808 559 dicentis,
838 491 911 550 aut
924 467 1058 550 dicere
1076 460 1245 553 volentis
1262 505 1280 565 ‚·
1302 467 1521 556 Euboicum
1537 467 1734 559 talentum
1754 491 1879 558 num-'

481 632 488 652 ι
518 589 586 674 nto
602 585 774 670 Asiatico
789 579 1255 696 millese'ptingentorum
1276 581 1561 699 cistophorum
1586 607 1673 670 est:
1702 613 1839 674 nostro
1863 651 1879 690 ,

518 702 583 794 sex
602 698 769 784 millium
800 695 1065 784 ducentorum
1078 700 1360 784 Denariorum.
1412 700 1504 814 Qud
1520 701 1713 788 facilitate
1725 706 1882 816 conjec-

519 843 608 904 tura
622 838 756 900 nostro
769 814 918 900 excidit
937 810 1091 908 talarno
1110 871 1125 921 Ι,
1155 809 1296 902 eidem
1314 843 1425 912 mera
1441 822 1792 916 intercommenta
1806 849 1881 938 pa-

506 941 645 1022 tietur
659 929 844 1044 ablegari.
1362 951 1379 984 ·
1804 946 1806 950 ’

592 1271 779 1366 Extremi
801 1272 900 1368 ¹huie
918 1269 976 1370 de
1000 1270 1249 1386 Cistephoris
1273 1269 1492 1385 prolusioni
1516 1303 1642 1368 ¹manu
1669 1273 1887 1390 impositi,

523 1392 620 1482 alios
646 1391 698 1476 ad
725 1417 790 1486 me
810 1417 995 1476 nummos
1019 1387 1069 1476 ab
1098 1387 1160 1483 lll.
1179 1401 1231 1480 D.
1248 1385 1408 1496 {Alletio
1436 1388 1680 1473 transmissos
1701 1395 1743 1474 in
1770 1389 1893 1483 aliud¹

522 1531 679 1622 tempus
699 1503 1281 1702 interpretandosreservamus
1302 1561 1313 1598 ,
1340 1509 1384 1590 in
1398 1499 1578 1617 suscepto
1590 1502 1740 1596 scilicet
1764 1517 1888 1590 ano-

524 1620 585 1728 bis
609 1647 745 1738 opere.
791 1649 838 1719 „n
865 1649 916 1703 eo
939 1625 1176 1714 numismata
1203 1640 1477 1733 quaecumque
1493 1641 1633 1706 uetera
1657 1677 1668 1717 ,
1696 1627 1883 1719 Graeca,

524 1736 797 1851 Aegyptiace,
824 1739 963 1826 Latina
987 1791 997 1828 ,
1022 1733 1236 1843 ,cujuslibet
1252 1732 1405 1820 moduli
1421 1761 1466 1816 ac
1481 1732 1633 1830 metalli
1653 1791 1664 1829 ‚
1697 1743 1853 1850 Regum
1867 1775 1891 1833 „*

522 1849 716 1936 Virorum
739 1847 982 1944 illustrium,
1006 1847 1247 1960 Populorum
1275 1875 1322 1942 ac
1350 1848 1552 1950 Urbium,
1587 1851 1787 1937 Gentium
1816 1849 1890 1938 seu

520 1965 775 2062 vfamiliarum
795 1972 1066 2052 Romanarum
1082 1991 1121 2044 er
1135 1969 1446 2077 Imperatorum,
1472 1965 1691 2048 ¹Caesarum
1712 1975 1792 2070 &o
1815 1996 1886 2052 ae-

525 2076 662 2166 curatb
679 2101 721 2163 ot
740 2076 963 2191 singulatim
989 2076 1184 2192 descripta
1207 2135 1219 2172 ,
1251 2080 1357 2160 notis
1374 2077 1426 2174 ad
1450 2077 1687 2175 historiam,
1714 2081 1888 2165 chrono-

523 2197 699 2308 logiam,
729 2189 1013 2307 geographiam
1029 2199 1107 2276 ὅτε.
1125 2188 1386 2304 spectantibus
1400 2191 1592 2294 illustrata
1611 2249 1624 2290 ,
1640 2191 1710 2278 sub
1726 2201 1888 2310 proprio

525 2305 746 2426 possessoris
758 2310 921 2392 nomlue
937 2306 1131 2420 appellata
1152 2367 1164 2402 ‚
1194 2313 1365 2420 reperire
1380 2313 1468 2392 erit.
1523 2309 1888 2426 Opusimmensum

526 2421 648 2520 sane,
679 2446 877 2506 tentatum
888 2449 971 2505 uon
999 2427 1054 2504 ita
1069 2423 1220 2534 pridem
1243 2419 1343 2504 acl.
1361 2419 1572 2518 Morellio,
1592 2449 1634 2506 et
1657 2425 1698 2506 in
1717 2419 1785 2508 suo
1806 2433 1887 2516 Rei

477 2619 479 2626 .
525 2543 789 2640 Nummariae
804 2533 1119 2649 Speciminejam
1135 2535 1351 2620 delibatum
1373 2599 1384 2635 ,
1411 2537 1459 2620 ab
1474 2539 1652 2634 eruditae
1673 2545 1888 2652 antiquita·

526 2661 580 2758 ¹tis
593 2649 808 2739 cultoribus
824 2653 892 2735 diu
902 2677 1184 2765 expectatum,
1211 2652 1490 2765 exequendum
1515 2654 1677 2737 tandem
1698 2655 1889 2741 molimur·

409 2779 414 2788 '
529 2799 631 2865 nos,
665 2767 890 2851 eruditione
920 2766 1013 2850 licet
1039 2763 1105 2852 cl.
1133 2766 1320 2860 Motellio
1352 2772 1554 2881 Mpares,
1581 2771 1717 2852 animo
1749 2800 1885 2856 tamen
1957 2863 1966 2880 .

524 2879 823 3000 etconstantid
856 2873 936 2964 non
968 2879 1193 2988 inferiores.
1244 2893 1400 2996 ltaque
1424 2907 1583 2994 rogatos
1598 2891 1735 2994 etiam
1761 2912 1887 3001 atque

524 3003 653 3085 etiam
676 2996 859 3092 volumus
886 3027 961 3080 eos
972 2999 1114 3078 'omnes
1136 2999 1215 3110 ⁴‚qui
1246 3001 1490 3108 antiquitatis
1510 2998 1642 3081 studio
1671 3022 1884 3100 tenentur,

525 3140 573 3198 er
599 3118 859 3199 nummariam
889 3109 1173 3225 supellectilem
1202 3103 1385 3205 babent,
1415 3110 1598 3246 ¹quidum
1630 3109 1785 3201 suorum
1813 3147 1887 3202 ve.

527 3249 663 3320 terum
689 3249 732 3310 et
754 3225 996 3312 indubitatae
1027 3221 1118 3314 fidei
1143 3251 1400 3309 nummorum
1424 3223 1573 3334 indices
1605 3229 1792 3342 perqulm
1820 3263 1886 3318 ac-

531 3361 687 3427 curatos
718 3343 770 3427 ad
785 3337 1104 3445 ,me'Massiliam
1129 3339 1467 3452 aut4Lugdunum
1487 3345 1798 3442 *intermittam
1829 3353 1887 3450 ira

533 3483 667 3542 tamen
686 3479 735 3540 ut
757 3455 865 3571 quod
891 3464 934 3542 in
965 3449 1221 3540 nummorum
1240 3449 1563 3568 ,inseriptionibus
1588 3468 1811 3572 temporum
1832 3463 1890 3547 in-

532 3565 634 3685 jurii
654 3619 665 3669 ς
700 3569 828 3656 aliove
848 3601 939 3656 casu
964 3567 1324 3677 detritum-fuerit,
1355 3566 1436 3651 non
1453 3565 1699 3681 suppleatur,
1736 3574 1800 3661 sed
1828 3573 1898 3664 in:

515 3689 732 3800 'terpositis
756 3691 946 3784 asteriscis
972 3686 1203 3778 -indiceturr
1230 3683 1389 3797 quidju
1415 3703 1671 3788 nummorum
1700 3719 1816 3790 area,
1844 3696 1889 3775 in

534 3807 615 3888 ima
637 3824 774 3914 parte,
804 3806 844 3884 in
871 3797 1056 3884 lateribus
1083 3795 1373 3884 'observandum
1400 3822 1579 3914 ocurret
1597 3861 1607 3890 ‚
1625 3799 1854 3889 observetur
1875 3843 1889 3901 ς

450 4003 452 4006 ,
532 3918 790 4030 designentur
818 3922 937 4014 etiam
969 3945 1049 4028 quo
1069 3913 1243 4020 babitu,
1265 3941 1354 4028 „qua
1370 3925 1491 4004 ,veste
1508 3913 1633 4027 ,qua
1663 3943 1770 4033 parte
1796 3925 1888 4004 cois·

535 4045 671 4114 versae
704 4027 852 4112 fuerint
884 4030 1066 4143 figurae,
1098 4035 1152 4113 ita
1177 4055 1220 4114 et
1248 4028 1431 4120 modulus
1457 4055 1501 4128 et
1527 4031 1733 4116 metallum
1759 4037 1886 4147 cujus·

429 4135 432 4142 ’
535 4145 633 4230 libet
659 4148 916 4236 numismatis.
968 4149 1014 4227 Et
1038 4147 1226 4256 quoniam
1257 4173 1395 4238 omnes
1425 4168 1466 4225 et
1488 4143 1666 4258 ¹singulos
1695 4157 1885 4263 Regum,

539 4265 725 4344 Virorum
756 4258 987 4350 illustrium,
1018 4257 1256 4372 Populorum
1279 4289 1324 4341 ac
1342 4255 1549 4355 Urbium,
1583 4261 1775 4348 Gentium
1799 4271 1883 4348 Ro·

539 4401 745 4460 manarum
770 4379 923 4457 nummi
944 4397 1012 4470 ‚et
1035 4397 1231 4486 quotquot
1260 4378 1378 4456 etiam
1405 4363 1490 4456 sunt
1506 4385 1792 4486 imperatorum
1808 4409 1886 4463 ma·

539 4492 637 4579 stimi
665 4487 818 4594 moduli
839 4493 975 4624 ’filn-
999 4487 1178 4596 coloniis
1198 4492 1530 4610 ‚Municipiisque
1551 4490 1791 4607 fignati'aeri
1820 4500 1883 4577 in·

1807 4607 1892 4704 cidi
