4218 5484
535 383 636 480 or
707 379 1287 483 crsrorrrorus.
1539 423 1585 509 15

142 557 147 564 ·
231 513 311 595 alio
337 516 429 594 cista
436 507 649 620 secretorum
669 540 787 628 capax
804 577 817 616 ‚
836 513 979 629 penitis
994 518 1114 630 celans
1128 537 1249 633 operta
1264 517 1480 632 magnificae
1497 523 1589 604 reli-

227 634 351 742 gionis
369 635 382 727 l
395 655 421 701 a
437 637 466 730 l.
505 629 698 715 Tibullo:
1105 669 1108 678 ·

335 763 401 868 ‘Et
412 762 511 842 levis
522 763 667 844 occultis
678 747 815 870 conscia
829 764 922 842 cista
922 758 1057 868 fieris.

233 885 327 971 Nec
357 888 466 976 aliud
492 896 709 1010 quidquam
737 894 931 982 obversari
956 917 1087 1008 potest
1113 899 1249 979 animo
1282 894 1449 1007 legentis
1481 897 1587 1014 apud

233 1003 488 1092 Athenaeum
499 1019 539 1094 in
552 1013 770 1098 Ptolemaei
790 1008 1038 1122 Philadelphi
1059 1039 1204 1122 pompa
1220 1014 1515 1105 ,initiationum
1530 1045 1589 1098 ar-

233 1143 333 1200 cana
352 1181 364 1216 ,
392 1149 434 1206 et
448 1130 632 1239 mysteria
648 1123 925 1209 sacrificiorum
939 1122 1070 1206 delata
1087 1121 1203 1205 fuisse
1220 1122 1269 1205 ab
1285 1125 1503 1236 Orgiorum
1517 1133 1589 1210 mi·
1623 1211 1631 1222 ,

184 1235 200 1246 ’
232 1235 373 1325 nistris‚
421 1241 533 1346 Quid
560 1244 602 1321 in
628 1239 703 1322 hac
722 1244 820 1322 cista
844 1235 1094 1324 reconditum
1124 1234 1289 1329 lateret,
1314 1235 1587 1354 suspicandum

217 1341 345 1430 dedit
370 1353 540 1437 Ovidius
557 1355 700 1438 Nasos
785 1439 787 1442 ,
1494 1377 1497 1384 ’

348 1479 507 1560 Condita
509 1481 625 1588 finon
626 1478 723 1590 sunt
743 1483 896 1561 Ventris
921 1481 1091 1584 mysteria
1102 1482 1221 1564 ct'ttis,
1285 1519 1292 1540 «

232 1613 382 1728 Aperte
411 1585 599 1702 Clemens
615 1608 932 1704 Alexandrinus,
965 1614 1033 1724 qui
1058 1609 1456 1724 Bacchipudendum
1481 1609 1586 1695 affir-

221 1755 314 1813 mat
336 1725 428 1834 (b).
465 1729 673 1831 ,Clementi
691 1718 926 1836 suffragatur
938 1727 1145 1808 Pausanias
1166 1784 1176 1819 ,
1200 1732 1382 1839 quamvis
1403 1725 1586 1810 dissimu-

217 1843 368 1929 lanter.
408 1835 729 1954 Suae'religionis
758 1837 905 1938 honori
930 1861 974 1921 ut
1005 1837 1257 1934 consuleret,
1282 1833 1326 1922 in
1348 1843 1446 1941 cista
1471 1840 1586 1925 finxit

218 1963 448 2072 imaginem
465 1956 673 2058 ,Bacchilt
685 1959 716 2054 )·;
757 1948 941 2037 Astutilts
961 1956 1082 2040 etiam
1106 1953 1339 2038 Plutarchus
1366 1957 1586 2069 turpitudi-

220 2093 325 2157 nem
342 2077 494 2158 tantam
516 2072 849 2183 interpretationis
866 2067 956 2152 velo
981 2069 1305 2180 vestire-tonatur
1327 2067 1418 2168 (dl.
1453 2071 1584 2156 Osiri-

218 2187 324 2284 dis,
352 2214 420 2272 aot
440 2186 585 2270 Baiehi
604 2188 766 2268 nomine
790 2179 1093 2296 intelligendum
1115 2168 1322 2266 contendit
1343 2213 1474 2268 rerum
1497 2215 1583 2268 om-

219 2307 342 2385 nium
357 2301 619 2417 principium,
646 2299 754 2414 quod
776 2300 817 2380 vi
837 2304 1097 2410 procreatrice
1121 2296 1159 2381 se
1192 2297 1318 2412 ipsum
1345 2298 1582 2412 multiplicat

223 2415 313 2530 ipsi
331 2421 586 2531 eorumquae
597 2443 649 2497 ex
666 2413 736 2496 illo
753 2409 1022 2527 producuntur
1034 2410 1362 2526 multiplicatione
1380 2447 1391 2506 ς
1407 2414 1582 2528 ideoque

218 2529 386 2645 ‚phallos
408 2562 489 2615 non
516 2530 636 2614 modo
660 2525 757 2623 ,sed
783 2527 984 2610 etBacchi
1004 2551 1160 2611 veretro
1182 2526 1326 2644 triplici
1347 2527 1581 2615 luxuriantis

219 2649 448 2758 ¹imaginem
463 2642 721 2730 circumferri.
761 2642 1037 2726 venerandam
1051 2641 1297 2756 hanc,quae
1313 2647 1491 2757 primain
1506 2645 1581 2729 Or.

221 2763 307 2870 giis
327 2758 515 2850 tenebat,
551 2755 1008 2870 cistam-in-Cistophoro
1030 2753 1307 2871 repraesentari
1332 2756 1465 2842 suadet
1485 2755 1579 2848 clam

227 2877 314 2984 ipsa
330 2869 558 2988 semiaperta
570 2877 688 2964 cista,
704 2897 813 2984 quae
830 2870 1015 2981 probrosa
1029 2875 1094 2955 sua
1108 2900 1249 2955 arcana
1263 2872 1429 2986 proferri
1451 2877 1493 2955 in
1517 2872 1580 2956 lu-

227 3015 319 3070 cem
346 2995 456 3101 quasi
488 2983 747 3080 reformidat,
771 2980 859 3066 tlrm
887 2989 1055 3092 mystica
1083 2989 1185 3067 ratio
1209 3042 1219 3079 ,
1243 2995 1284 3069 δι
1316 2997 1577 3098 congruentia

228 3130 349 3214 quam
367 3107 479 3186 aiunt
495 3098 741 3186 intercedere
752 3095 972 3212 strpentem
986 3104 1090 3183 inter
1107 3103 1228 3186 cistae
1243 3101 1478 3216 implicitum
1496 3161 1507 3198 ,
1534 3129 1577 3189 et

228 3223 353 3304 cistae
377 3215 581 3301 commissa
607 3212 751 3298 Bacchi
779 3213 976 3328 pudenda.-
1011 3213 1181 3306 ¹Phallis‚
1205 3214 1272 3302 seu
1292 3222 1353 3298 τῶν
1373 3222 1418 3298 ni
1433 3207 1574 3303 haurire

207 3329 390 3428 pardonis,
415 3336 692 3414 aeternitatem
718 3327 915 3419 futuram,
942 3353 986 3411 et
1004 3352 1048 3411 ut
1060 3330 1274 3444 loquuntur
1300 3333 1530 3431 Dialectici,
1550 3365 1575 3422 a

228 3445 339 3560 paste
367 3471 482 3558 postr
507 3444 604 3526 ficut
632 3441 835 3555 elapsam,
861 3465 944 3526 cta
972 3467 1084 3556 parte
1109 3469 1230 3543 ante,
1251 3444 1490 3559 serpentibus
1505 3448 1575 3533 de-

227 3558 509 3646 monstrabant.
554 3559 713 3672 ‘Neque
738 3555 851 3646 aliter
876 3554 1068 3652 Platonici
1099 3557 1360 3672 designabant
1396 3559 1573 3676 spiritum

226 3676 368 3773 illum,
385 3677 454 3788 qui
468 3703 536 3788 per
546 3676 768 3756 universam
784 3673 922 3756 mundi
943 3672 1091 3756 molem
1103 3669 1286 3764 disiacum
1316 3699 1434 3790 atque
1449 3672 1576 3763 effirn,

228 3794 337 3876 ditur
348 3825 364 3884 -5
390 3787 499 3896 cujus
518 3785 1036 3896 beneficiosomniaavigere,
1065 3785 1116 3872 a'li
1127 3845 1147 3884 .,
1160 3789 1256 3872 -etrsr
1274 3789 1346 3873 fas,
1359 3798 1414 3876 ita
1430 3792 1570 3908 loqui,

226 3933 443 4022 perennare
458 3899 685 3988 credebant.
720 3906 814 3986 Hoc
827 3897 1066 3982 emblemate
1082 3960 1094 3997 ,
1115 3931 1206 4014 ¹,quo
1222 3910 1281 3986 usi
1296 3900 1383 3988 sunt
1397 3906 1575 3994 Valenti·
1635 3943 1645 3951 ·

110 4099 117 4109 .
227 4025 337 4105 niani
354 4019 404 4100 ad
428 4014 633 4120 occultam,
646 4045 778 4100 rerum
795 4019 991 4126 originem
1007 4015 1381 4114 demonstrandam,
1401 4017 1573 4105 Philoso-

226 4137 296 4251 phi
315 4131 483 4246 gentiles
497 4141 690 4244 generum
706 4125 1320 4217 immo'rtalitatemostendebant
1337 4194 1349 4229 ,
1369 4133 1446 4247 qui
1461 4137 1571 4250 prin-¹

225 4255 372 4365 cipium
391 4251 442 4333 ad
458 4247 579 4330 finem
594 4241 827 4359 dirigeretur
844 4241 1044 4359 ,finisque
1067 4240 1336 4334 reflecteretur
1359 4249 1409 4340 ad
1422 4255 1572 4365 princi-

226 4373 338 4486 pium
359 4421 371 4460 ,
390 4364 507 4473 ¹juxta
520 4359 651 4464 illud:

223 4591 330 4741 03112
327 4596 340 4671 ]
360 4588 614 4674 Metanrotphat.
660 4579 742 4684 [tl]
765 4587 942 4671 lnPtotrept.
1026 4592 1134 4672 [tile
1149 4589 1263 4660 Amne.
1326 4591 1449 4676 [dJDe
1459 4593 1569 4659 laidet

1357 4839 1364 4888 l
