4212 5496
522 435 624 536 DE
696 371 1266 548 cissonrronrsj
1358 479 1363 486 ·
1502 442 1567 568 ’ςς

199 561 229 670 Ε
245 545 412 662 Ciliciae
429 565 584 659 duobus
607 577 719 658 annis
738 572 954 690 praefuerit
971 577 1123 692 Appius
1138 573 1307 662 Pulcher
1331 633 1342 671 ,
1379 581 1573 690 quoniam

202 683 292 795 ejus
311 681 541 804 Cistophori
556 689 715 776 duobus
732 693 842 775 hisce
871 695 984 776 annis
1003 693 1144 808 fignati
1163 691 1334 777 duorum
1354 699 1572 807 Prytanum

200 809 488 899 meminerint,
518 837 669 891 annuos
694 839 855 922 quoque
885 806 1004 892 fuisse
1026 808 1068 892 iu
1087 811 1179 892 Asia
1208 820 1396 922 Prytanes
1414 806 1572 892 necesse

200 923 432 1034 est-equod
459 950 509 1005 ex
540 923 741 1038 appellaris
768 954 934 1039 quoquc
959 925 1123 1008 Lentuli
1149 925 1399 1039 Cistophoris
1424 930 1571 1038 pariter
1687 985 1693 994 -

169 1037 480 1122 'evincendum
532 1042 654 1154 Appii
679 1037 868 1124 successor
900 1042 961 1122 M.
989 1039 1148 1122 Tullius
1177 1045 1322 1127 Cicero
1348 1041 1502 1124 Procos.
1527 1044 1571 1122 in

201 1152 384 1240 Ciliciam
397 1182 490 1238 cum
507 1157 674 1271 imperio
686 1160 866 1271 pervenit
884 1155 933 1238 ad
951 1157 1016 1242 Ill.
1038 1154 1127 1238 Kal.
1143 1155 1379 1240 Sextilem.
1400 1165 1570 1246 C.anno
1703 1184 1708 1200 ·

200 1269 366 1360 DCCll.
419 1269 727 1356 Ariobarzanem
757 1298 893 1388 regem
927 1273 1207 1387 Cappadociae
1239 1274 1412 1380 restituit
1435 1331 1447 1366 ,
1472 1273 1568 1354 Era-

202 1412 296 1466 nam
317 1445 326 1480 ,
353 1391 565 1501 Sepyram,
596 1413 637 1472 et
654 1387 730 1472 alia
746 1386 810 1471 sex
827 1385 987 1470 castella
1005 1393 1110 1504 cepit
1131 1447 1143 1484 ,
1169 1387 1442 1501 oppidumque
1456 1384 1573 1474 Eleu}

201 1499 492 1588 thero-cilicum
527 1501 680 1588 morosas
708 1503 919 1588 obsidione
948 1501 1055 1586 suam
1081 1506 1125 1584 in
1143 1526 1378 1616 potestatem
1398 1501 1571 1614 redegit.

202 1621 260 1702 Ea
276 1644 435 1733 propter
453 1622 669 1736 Imperator
684 1648 707 1705 a
730 1617 921 1704 militibus
947 1618 1164 1738 appellatus
1178 1642 1264 1708 est,
1288 1643 1409 1732 atque
1425 1613 1572 1731 suppli-

201 1737 311 1816 catio
330 1741 484 1820 Romae
500 1737 691 1829 decreta(
752 1746 777 1839 l.
1175 1775 1178 1786 ⁴
1282 1775 1285 1780 ·
1348 1783 1350 1788 v
1457 1768 1462 1776 ·

277 1849 473 1964 Asiaticae
492 1855 900 1968 quoqueprovinciae
925 1911 936 1946 ,
964 1849 1027 1934 seu
1049 1850 1317 1964 Pergamenae
1329 1849 1499 1962 praefuit
1515 1854 1569 1937 C.'

161 2031 165 2039 .
202 1961 371 2052 Clodius
387 1967 588 2066 Pulcher,
621 1971 677 2054 U.
700 1969 748 2052 C.
777 1972 891 2052 annis
902 1971 991 2053 'DC
1004 1967 1207 2062 XCVIII,
1233 1990 1274 2048 et
1302 1965 1383 2048 DC
1401 1969 1567 2064 XCIX,

201 2105 247 2161 ut
278 2080 300 2164 ὲ
327 2082 467 2191 litteris
489 2085 696 2168 Ciceronis
714 2084 764 2166 ad
781 2086 957 2166 Atticum
977 2081 1060 2167 Lib.
1076 2087 1146 2167 lV.
1165 2086 1290 2197 Epist.
1307 2085 1401 2166 XV.
1418 2085 1571 2168 evinci-

199 2217 281 2280 tur.
332 2201 561 2292 Praeturam
585 2199 811 2286 obtinuerat
837 2227 942 2282 anno
965 2199 1046 2290 DC
1068 2199 1229 2284 XCVII.
1263 2197 1486 2310 Namque,
1520 2227 1568 2282 ut

200 2311 286 2393 Dio
316 2313 401 2404 Lib.
418 2319 611 2402 XXXIX.
634 2313 786 2410 refert,
817 2319 961 2400 Cicero
979 2312 1136 2398 Milone
1152 2315 1301 2396 comite
1323 2372 1335 2409 ,
1362 2335 1404 2416 et
1424 2313 1569 2398 assum-

200 2430 279 2537 ptis
301 2429 451 2550 aliquot
472 2431 662 2522 Tribunis
676 2419 803 2546 plebis
822 2434 864 2516 in
884 2424 1404 2544 Capitolium-ascenderat,
1434 2452 1479 2510 ut
1510 2429 1568 2514 le-

201 2568 271 2652 ges
288 2571 329 2630 et
360 2547 511 2634 tabulas
522 2545 866 2642 ¹Clodii'evelleret
886 2607 898 2644 ,
924 2572 1044 2660 atque
1064 2542 1269 2640 auferret,
1293 2540 1365 2626 sed
1392 2573 1414 2628 e
1441 2548 1570 2626 mani.

91 2711 93 2716 -
202 2656 274 2742 bus
291 2663 374 2766 ejus
398 2664 551 2748 evulsas
566 2667 730 2747 extorsit
748 2665 789 2748 P.
808 2661 974 2744 Clodius
989 2661 1266 2776 superveniens
1281 2661 1444 2743 cumC.
1460 2659 1566 2742 Clo-

199 2771 269 2855 dio
295 2774 418 2868 fratre
447 2782 642 2862 Praetore.
691 2773 958 2888 successorem
982 2775 1122 2860 habuit
1148 2773 1317 2858 Pulcher
1341 2776 1398 2883 Q
1420 2779 1568 2861 Caeci-

200 2883 299 2968 lium
323 2889 534 2974 Metellum
561 2896 675 2972 Pium
702 2893 956 3001 Scipionem,
987 2888 1016 2969 sr
1038 2915 1172 2972 tamen
1192 2885 1360 2970 Metello
1385 2918 1465 2970 non
1482 2887 1566 2972 suc-

201 2999 367 3087 cesserat
380 3001 550 3090 Pulcher
562 3010 658 3117 ipse.
681 3006 743 3086 'Ex
763 3031 812 3086 eo
826 3005 934 3086 enim
952 3004 1062 3114 quod
1076 3007 1117 3083 in
1134 2997 1202 3084 suo
1215 3000 1458 3118 Cistophoro
1475 3006 1570 3088 Pro.

201 3119 372 3203 consuli-s
392 3118 656 3235 appellatione
672 3144 753 3202 non
770 3119 943 3231 gaudeas
962 3116 1181 3214 Metellus,
1213 3119 1566 3205 administrandam

199 3233 335 3319 Asiam
357 3237 622 3350 ‘Propraetore
654 3233 834 3318 habuisse
863 3234 1025 3318 videtur
1042 3255 1135 3318 ante
1155 3231 1265 3316 suum
1284 3232 1532 3320 consulatum
1552 3297 1565 3334 ,

201 3353 272 3461 qui
285 3351 428 3433 incidit
446 3357 488 3434 in
509 3351 633 3454 UaC.
654 3379 801 3433 annum
822 3350 970 3440 DCCI.
989 3348 1016 3429 sr
1037 3345 1132 3431 verb
1151 3345 1390 3463 supponatur
1405 3380 1495 3447 eum
1513 3355 1561 3436 C.

165 3527 171 3538 .
198 3461 359 3548 Pulchri
373 3461 490 3574 suisse
506 3461 766 3548 successorem
787 3523 798 3559 ,
827 3493 921 3550 ¹eum
941 3492 1101 3578 quoque
1121 3463 1177 3545 U.
1194 3466 1242 3546 C.
1262 3493 1412 3546 annum
1428 3469 1564 3558 Dec.

197 3581 241 3661 in
255 3580 349 3663 Asia
364 3575 485 3694 egisse
500 3576 654 3663 necesse
674 3603 733 3662 est
752 3640 763 3677 ,
785 3583 841 3662 ira
860 3603 904 3662 ut
922 3579 1059 3664 absens
1074 3638 1084 3673 ,
1097 3601 1176 3662 ete
1198 3580 1401 3692 provincia
1417 3609 1562 3664 consu-
1587 3591 1591 3599 “

197 3693 325 3778 latum
347 3693 1106 3811 petiisse,etobtinuissedicendussrr‚
1138 3691 1250 3808 quod
1278 3717 1414 3778 tamen
1429 3703 1562 3811 paucis

182 3836 424 3922 vpersuasum
443 3815 531 3895 erit.
578 3817 794 3925 Imperator
818 3811 901 3921 jam
927 3811 1054 3893 dictus
1081 3833 1167 3892 erat
1190 3833 1278 3894 turn
1296 3807 1389 3892 ciam
1407 3817 1449 3892 in
1468 3813 1561 3897 Asia

188 3925 364 4037 degeret
383 3986 394 4020 ,
420 3952 465 4008 ut
484 3925 631 4037 exejus
651 3923 892 4036 Cistophoro
910 3924 1051 4039 liquet.
1101 3930 1205 4010 Hinc
1222 3950 1364 4033 arguas
1383 3925 1559 4009 Vaillan-

200 4044 304 4124 tium
325 4037 376 4140 (b
398 4050 439 4144 ),
473 4037 775 4153 qui'Metellum
802 4041 1084 4154 Imperatorem
1114 4043 1155 4120 in
1183 4038 1293 4150 Syria
1318 4036 1559 4152 appellatum¹

180 4152 421 4242 contendit.
440 4157 591 4269 Syriam
602 4182 735 4240 autem
747 4155 959 4238 Proconsul
974 4151 1148 4236 obtinuit
1160 4151 1226 4234 ille
1241 4179 1346 4235 anno
1362 4157 1557 4247 DCCIV.

184 4296 243 4366 ¹et
259 4274 301 4354 in
320 4275 564 4385 provinciam
593 4277 726 4356 statim
744 4271 946 4384 profectus
965 4296 1023 4356 est
1050 4271 1196 4351 comite
1218 4271 1315 4350 Pom
1345 4272 1398 4350 eii
1416 4275 1557 4386 Magni

200 4385 309 4483 filio,
335 4410 380 4468 ut
397 4383 606 4498 pecunias,
626 4383 814 4492 classem,
835 4412 876 4473 et
890 4385 1061 4492 auxilia,
1085 4409 1241 4499 quanta·
1252 4298 1433 4498 possent,
1449 4411 1557 4488 coma¹

195 4525 380 4618 pararent
403 4505 445 4600 (c
461 4511 491 4605 l.

280 4685 344 4758 [a]
367 4682 427 4742 cic.
447 4680 507 4740 uu.
533 4685 582 4744 ru
605 4636 1012 4770 asv.etxv1.rprsr,nmn.
1107 4680 1296 4768 [mmq
1309 4685 1392 4752 nom.
1409 4701 1471 4766 Μ,
1487 4703 1554 4766 ,922

194 4755 814 4845 [⁶]Plutarc-ianp.Cice102dA,110,
916 4857 919 4862 v
1274 4781 1276 4788 ,
1428 4769 1432 4778 ,
