4218 5484
521 337 584 419 ,μ
805 307 904 400 DE
974 305 1584 408 ClSTOPHORIS.

488 493 490 498 .
589 450 633 530 In
664 434 846 548 omnibus
872 461 914 520 et
940 437 1098 550 smgulis
1116 439 1227 522 hisce
1242 446 1518 536 numismatis,
1545 437 1884 530 nihilcommune

524 577 616 650 est,
643 553 753 669 quod
781 552 832 637 ad
857 552 971 667 plura
989 555 1159 638 derivari
1175 552 1294 670 possit
1310 559 1470 670 oppida.
1521 556 1787 670 Quidquidin
1802 560 1883 642 illis

526 665 618 766 est',
649 671 693 754 id
721 656 850 752 tot‘um
869 666 1017 782 spectat
1034 669 1083 755 ad
1100 677 1300 786 propriam
1319 697 1361 755 et
1380 667 1612 784 singularem
1631 675 1880 785 uniuscujus-

524 786 605 897 que
621 789 791 870 civitatis
807 790 996 897 pietatem
1022 815 1033 880 ,·
1064 784 1205 882 srtuml,
1236 784 1425 885 foedera,
1453 815 1613 882 mores,
1644 787 1848 901 privilegia
1865 848 1901 886 ,.

522 899 740 986 historiam.
780 901 838 981 Ex
865 928 945 1014 qua
972 901 1316 984 animadversione
1339 900 1418 982 hoc
1438 899 1574 1016 sponte
1585 899 1756 986 cuilibet
1767 902 1882 988 colli-

521 1019 701 1130 gendum
731 1020 862 1100 venit:
893 1019 1046 1098 nummi
1062 1015 1244 1124 ‘ejusdem
1274 1013 1426 1100 formae
1447 1021 1497 1099 in·
1517 1016 1878 1102 diversis‘diversa-

521 1161 612 1216 rum
634 1134 927 1243 prorinciarum
943 1128 1168 1214 civitatibus
1182 1129 1320 1244 srgnati
1339 1161 1430 1228 ,rex
1460 1130 1886 1234 oceasioneduntaxan
1989 1133 1993 1141 “

519 1245 622 1330 ritus
638 1247 801 1357 alicujus
812 1245 1232 1348 communieornnibus
1244 1275 1379 1332 earum
1398 1251 1689 1360 provinciarum
1705 1251 1878 1332 civitati-

519 1360 592 1446 bus
621 1383 835 1477 potuerunt
864 1357 1060 1444 fabricari.
1103 1360 1397 1474 Argumentum
1420 1362 1526 1446 aliud
1545 1361 1686 1446 liberas
1701 1360 1881 1477 plerum-¹

516 1503 598 1592 qne
612 1481 717 1560 inter
733 1473 943 1572 civitates,
970 1499 1012 1559 et
1031 1473 1148 1559 nullis
1170 1498 1340 1559 mutuae·
1350 1476 1542 1564 societatis
1562 1477 1719 1591 legibus
1731 1507 1883 1563 conne.
1947 1519 1950 1524 ·

518 1621 588 1675 xas
612 1591 755 1678 frustra
783 1591 1009 1706 quaesieris·
1067 1592 1204 1704 ltaque
1232 1593 1487 1706 Cismphori‚
1510 1597 1580 1707 qui
1609 1621 1747 1682 omues
1768 1591 1887 1704 ejus-0

513 1707 607 1792 dem
627 1704 715 1791 sunt
730 1706 907 1802 formae,
924 1732 967 1790 et
985 1703 1199 1790 Bacchicae
1227 1707 1389 1818 alicujus
1406 1736 1571 1822 pompae
1586 1705 1765 1791 referunt
1778 1707 1875 1790 inst·

510 1817 635 1936 gnia,
663 1820 822 1906 ebmin
833 1822 994 1926 dirersis
1004 1820 1228 1905 civitatibus
1246 1827 1504 1908 Asiaticarum
1517 1827 1807 1936 prouinciarum
1825 1823 1880 1905 si-

483 1959 487 1972 ·
511 1943 624 2053 gnati
639 1935 789 2044 fuerint
809 1997 820 2032 ,
844 1935 986 2049 signari
1002 1959 1215 2049 potuerunt
1234 1967 1283 2020 ex
1300 1943 1506 2020 occasione
1521 1933 1678 2021 rantirm
1695 1966 1875 2022 commu-.-

511 2057 626 2135 nium
661 2049 839 2136 Asiaticis
853 2049 1093 2135 'ciritatibus
1115 2051 1382 2136 Sabaziorum.
1431 2051 1502 2135 llla
1517 2057 1666 2167 quippe
1682 2050 1883 2138 solemnia

507 2190 703 2282 'apparatu
720 2165 841 2280 quam
859 2172 1058 2255 martimo,
1076 2195 1206 2280 eoque
1221 2163 1378 2282 publici
1393 2167 1597 2278 majestate
1615 2191 1683 2262 ‚et
1700 2173 1882 2274 aeternis}

512 2288 783 2367 monumentis
807 2313 888 2366 non
916 2282 1104 2366 inferiore
1128 2279 1365 2366 celebranda
1386 2280 1551 2374 fuerunt
1581 2278 1643 2364 ab⁴
1661 2282 1880 2379 Asiaticis,

472 2411 473 2414 ‘
514 2405 585 2512 qui
604 2396 688 2482 suos
710 2400 936 2510 interreges
953 2395 1151 2481 Bacchum
1168 2393 1510 2486 annumerabant,
1538 2395 1793 2510 eundemque
1808 2399 1875 2482 Sa-

512 2511 727 2596 baziorum.
749 2516 1014 2594 institutorem
1034 2571 1046 2608 ‚
1078 2535 1119 2594 et
1133 2511 1311 2623 plurium
1332 2513 1541 2594 civitatum
1561 2507 1715 2596 suarum
1731 2511 1875 2597 eondi-

512 2622 655 2711 torenr.
695 2629 786 2709 Nec
800 2625 1012 2743 imparibus
1026 2625 1134 2727 seriis
1148 2631 1330 2708 novimus
1342 2625 1386 2708 id
1399 2654 1547 2708 numen
1565 2619 1750 2733 affeslum
1765 2656 1788 2710 a
1803 2657 1874 2742 po-.

510 2741 615 2858 pulis
633 2742 740 2837 aliis,
769 2770 939 2856 quorum
954 2745 996 2824 in
1020 2738 1116 2824 illud
1128 2745 1252 2854 pietas
1267 2742 1386 2822 tantis
1402 2744 1620 2824 momentis
1633 2771 1713 2822 non
1726 2771 1871 2826 accen-

511 2857 706 2942 debatur..
730 2854 886 2941 Lavinii
902 2851 1445 2954 totus'mensisssacclrosacer
1457 2848 1555 2938 erat.
1592 2851 1756 2940 Alterna
1773 2861 1876 2940 Bac-

511 2974 580 3058 ehi
595 2969 871 3058 sestaalteruis
886 2973 1000 3054 annis
1017 2993 1138 3052 noctu
1160 2969 1447 3083 peragebantur
1468 2974 1511 3052 in
1527 2967 1711 3060 Parnasso
1739 2985 1875 3062 Boeo-

458 3151 461 3158 .
510 3097 591 3173 tiae
605 3113 752 3172 monte.
805 3088 1025 3168 Trieterica
1044 3089 1163 3166 etiam
1183 3089 1302 3168 tertio
1330 3101 1490 3198 quoque
1508 3111 1613 3168 anno
1642 3083 1790 3171 fiebant
1816 3089 1881 3174 ad

510 3201 786 3298 Callirhoem,
814 3200 883 3284 ubi
900 3198 1075 3299 Bacchus
1097 3201 1242 3312 ipseea
1257 3200 1403 3282 dicitur
1419 3199 1636 3284 instituisse
1652 3204 1693 3284 in
1716 3232 1870 3290 memo-

511 3322 610 3405 riam
631 3315 891 3430 expeditionis
906 3314 1085 3410 indicae,
1100 3343 1202 3426 quae
1217 3318 1434 3398 triennium
1447 3313 1664 3398 totumfibi
1677 3315 1874 3436 depopos·

507 3457 628 3522 cerat.
663 3429 1056 3522 Aiiacelebrabantur
1071 3428 1388 3542 trietericaapud
1405 3430 1725 3515 Cithaerontem.
1747 3439 1868 3520 Brau-

507 3555 629 3636 soniis
652 3551 787 3660 Orgiis
810 3549 971 3632 X·viros
989 3543 1048 3633 rdt
1074 3541 1243 3656 reportastis
1261 3543 1382 3628 tradit
1402 3542 1543 3627 Pollux
1569 3546 1755 3646 mactasse
1774 3551 1873 3634 hos-

454 3685 457 3690 ’
508 3670 583 3750 tias
597 3651 895 3776 quinquennes,
913 3690 1032 3743 unam
1044 3658 1170 3758 Deli,
1186 3657 1303 3764 aliam
1321 3661 1532 3748 Braurone.
1559 3658 1735 3753 Plotium
1744 3695 1873 3782 qnan-

453 3809 460 3818 ·
484 3781 643 3892 ¹doque
669 3778 823 3862 dierum
844 3796 957 3858 erant
984 3777 1125 3888 Orgia.
1175 3786 1235 3865 Ex
1255 3774 1578 3891 Demophoontis
1590 3780 1771 3864 instituto
1784 3783 1866 3866 An·

505 3894 695 3981 thesteria
705 3896 824 3976 trium
840 3893 1177 4005 aeorumprimo,
1203 3894 1275 4006 qui
1288 3891 1454 3996 arboiyta
1473 3950 1484 3987 ,
1511 3890 1619 3977 dolia
1636 3895 1869 4010 aperieban-

507 4035 599 4108 tur,
621 4031 662 4090 et
687 4012 783 4092 vino
809 4035 915 4090 novo
940 4031 1225 4120 praegustato,
1248 4013 1492 4122 peractisque
1507 4005 1648 4108 sacris,
1678 4014 1870 4102 omnibus

489 4131 635 4210 etiam·
644 4121 759 4208 servis
771 4109 1197 4241 largebibendiampla
1211 4122 1389 4207 facultas.
1443 4122 1579 4210 Altero
1594 4125 1682 4217 die,
1702 4133 1773 4242 quj
1785 4137 1877 4228 χόες·

507 4237 711 4322 dicebatur
726 4267 776 4320 ex
797 4269 847 4323 eo
863 4232 973 4352 qubd
992 4237 1150 4322 Baccho
1165 4242 1216 4348 τῷ
1228 4249 1379 4352 χοοπόνῃ
1401 4238 1504 4326 sacer
1516 4263 1602 4324 erat
1616 4299 1631 4330 ‚-
1662 4267 1874 4332 certamen

508 4353 673 4440 bibendi
697 4382 766 4467 per
783 4382 1016 4467 praeconem
1030 4347 1081 4438 ad
1099 4351 1405 4442 tubaesonitum
1420 4353 1680 4440 indicebatur.
1729 4365 1879 4444 Victo·-

375 4557 379 4576 ,
505 4475 558 4554 ris
574 4491 660 4552 uter
686 4472 781 4553 vino
796 4467 954 4582 plenus,
975 4469 1016 4552 et
1039 4500 1185 4554 corona
1210 4475 1436 4582 praemium.
1489 4469 1656 4556 Lenaeis
1684 4500 1786 4586 agon
1801 4473 1871 4562 sa.

502 4615 599 4688 cer,
627 4589 691 4676 eui
706 4589 926 4712 peregrinis
947 4585 1132 4678 interesse
1148 4585 1283 4678 nefas:
1313 4611 1595 4715 argumentum
1612 4583 1704 4676 sane
1718 4593 1876 4710 ingens
