<?xml version="1.0" encoding="UTF-8"?>
<!DOCTYPE html PUBLIC "-//W3C//DTD XHTML 1.0 Transitional//EN"
    "http://www.w3.org/TR/xhtml1/DTD/xhtml1-transitional.dtd">
<html xmlns="http://www.w3.org/1999/xhtml" xml:lang="en" lang="en">
 <head>
  <title>
</title>
<meta http-equiv="Content-Type" content="text/html;charset=utf-8" />
  <meta name='ocr-system' content='tesseract 3.04.00' />
  <meta name='ocr-capabilities' content='ocr_page ocr_carea ocr_par ocr_line ocrx_word'/>
</head>
<body>
  <div class='ocr_page' id='page_1' title='image "alexandrixavier00panegoog_0108.png"; bbox 0 0 4212 5496; ppageno 0'>
   <div class='ocr_carea' id='block_1_1' title="bbox 463 365 1594 480">
    <p class='ocr_par' dir='ltr' id='par_1_1' title="bbox 463 365 1594 480">
     <span class='ocr_line' id='line_1_1' title="bbox 463 365 1594 480; baseline 0 -16"><span class='ocrx_word' id='word_1_1' title='bbox 463 461 474 480; x_wconf 77' lang='grc'><strong>,</strong></span> <span class='ocrx_word' id='word_1_2' title='bbox 552 369 652 464; x_wconf 86' lang='lat' dir='ltr'>DE</span> <span class='ocrx_word' id='word_1_3' title='bbox 723 365 1298 476; x_wconf 83' lang='lat' dir='ltr'><strong>CISTOPHORIS.</strong></span> <span class='ocrx_word' id='word_1_4' title='bbox 1510 387 1594 464; x_wconf 85' lang='lat'>101</span> 
     </span>
    </p>
   </div>
   <div class='ocr_carea' id='block_1_2' title="bbox 132 496 1723 2786">
    <p class='ocr_par' dir='ltr' id='par_1_2' title="bbox 132 496 1646 1523">
     <span class='ocr_line' id='line_1_2' title="bbox 224 496 1596 618; baseline 0.001 -38"><span class='ocrx_word' id='word_1_5' title='bbox 224 499 381 582; x_wconf 70' lang='lat' dir='ltr'>somnia</span> <span class='ocrx_word' id='word_1_6' title='bbox 396 496 522 614; x_wconf 74' lang='lat' dir='ltr'>igniti</span> <span class='ocrx_word' id='word_1_7' title='bbox 534 501 821 618; x_wconf 76' lang='lat' dir='ltr'>etsempiternd</span> <span class='ocrx_word' id='word_1_8' title='bbox 837 506 1052 618; x_wconf 80' lang='lat' dir='ltr'>agitatione</span> <span class='ocrx_word' id='word_1_9' title='bbox 1065 502 1328 616; x_wconf 79' lang='lat' dir='ltr'>perpetuans(</span> <span class='ocrx_word' id='word_1_10' title='bbox 1341 523 1367 575; x_wconf 75' lang='lat' dir='ltr'>a</span> <span class='ocrx_word' id='word_1_11' title='bbox 1377 507 1420 604; x_wconf 72' lang='lat' dir='ltr'>l,</span> <span class='ocrx_word' id='word_1_12' title='bbox 1435 525 1486 581; x_wconf 88' lang='lat' dir='ltr'>ex</span> <span class='ocrx_word' id='word_1_13' title='bbox 1500 496 1596 584; x_wconf 91' lang='lat' dir='ltr'>lam-</span> 
     </span>
     <span class='ocr_line' id='line_1_3' title="bbox 227 609 1597 734; baseline -0.006 -30"><span class='ocrx_word' id='word_1_14' title='bbox 227 614 349 724; x_wconf 67' lang='lat' dir='ltr'>,pade</span> <span class='ocrx_word' id='word_1_15' title='bbox 363 611 550 730; x_wconf 88' lang='lat' dir='ltr'>serpentis</span> <span class='ocrx_word' id='word_1_16' title='bbox 568 619 693 731; x_wconf 85' lang='lat' dir='ltr'>capiti</span> <span class='ocrx_word' id='word_1_17' title='bbox 711 623 895 734; x_wconf 86' lang='lat' dir='ltr'>imposito</span> <span class='ocrx_word' id='word_1_18' title='bbox 916 614 1032 700; x_wconf 71' lang='lat' dir='ltr'>facile</span> <span class='ocrx_word' id='word_1_19' title='bbox 1048 609 1362 728; x_wconf 82' lang='lat' dir='ltr'>dignoscendus:</span> <span class='ocrx_word' id='word_1_20' title='bbox 1390 612 1494 698; x_wconf 85' lang='lat' dir='ltr'>illius</span> <span class='ocrx_word' id='word_1_21' title='bbox 1507 643 1597 696; x_wconf 92' lang='lat' dir='ltr'>mo-</span> 
     </span>
     <span class='ocr_line' id='line_1_4' title="bbox 226 726 1598 846; baseline 0.004 -40"><span class='ocrx_word' id='word_1_22' title='bbox 226 726 422 812; x_wconf 83' lang='lat' dir='ltr'>deratrix</span> <span class='ocrx_word' id='word_1_23' title='bbox 450 727 637 844; x_wconf 83' lang='lat' dir='ltr'>sapientia</span> <span class='ocrx_word' id='word_1_24' title='bbox 662 738 702 815; x_wconf 91' lang='lat' dir='ltr'>in</span> <span class='ocrx_word' id='word_1_25' title='bbox 730 733 989 846; x_wconf 87' lang='lat' dir='ltr'>gubernando</span> <span class='ocrx_word' id='word_1_26' title='bbox 1003 732 1183 825; x_wconf 91' lang='lat' dir='ltr'>mundo,</span> <span class='ocrx_word' id='word_1_27' title='bbox 1211 753 1257 814; x_wconf 90' lang='lat' dir='ltr'>et</span> <span class='ocrx_word' id='word_1_28' title='bbox 1278 728 1461 813; x_wconf 84' lang='lat' dir='ltr'>curandis</span> <span class='ocrx_word' id='word_1_29' title='bbox 1479 728 1598 813; x_wconf 89' lang='lat' dir='ltr'>rebus</span> 
     </span>
     <span class='ocr_line' id='line_1_5' title="bbox 228 838 1598 960; baseline 0.005 -39"><span class='ocrx_word' id='word_1_30' title='bbox 228 838 457 940; x_wconf 58' lang='lat' dir='ltr'>,humanim</span> <span class='ocrx_word' id='word_1_31' title='bbox 473 848 744 933; x_wconf 70' lang='lat' dir='ltr'>conservanda</span> <span class='ocrx_word' id='word_1_32' title='bbox 754 849 926 930; x_wconf 84' lang='lat' dir='ltr'>bumana</span> <span class='ocrx_word' id='word_1_33' title='bbox 938 852 1153 960; x_wconf 78' lang='lat' dir='ltr'>propagine</span> <span class='ocrx_word' id='word_1_34' title='bbox 1165 873 1234 958; x_wconf 86' lang='lat' dir='ltr'>per</span> <span class='ocrx_word' id='word_1_35' title='bbox 1248 845 1466 928; x_wconf 84' lang='lat' dir='ltr'>caduceum</span> <span class='ocrx_word' id='word_1_36' title='bbox 1483 867 1598 928; x_wconf 89' lang='lat' dir='ltr'>attes-</span> 
     </span>
     <span class='ocr_line' id='line_1_6' title="bbox 234 951 1596 1073; baseline 0.004 -36"><span class='ocrx_word' id='word_1_37' title='bbox 234 975 333 1038; x_wconf 83' lang='lat' dir='ltr'>-tata</span> <span class='ocrx_word' id='word_1_38' title='bbox 352 951 449 1062; x_wconf 64' lang='lat' dir='ltr'>(bl-r</span> <span class='ocrx_word' id='word_1_39' title='bbox 478 960 794 1072; x_wconf 84' lang='lat' dir='ltr'>providentiain</span> <span class='ocrx_word' id='word_1_40' title='bbox 810 961 1029 1046; x_wconf 84' lang='lat' dir='ltr'>nutriendis</span> <span class='ocrx_word' id='word_1_41' title='bbox 1046 1019 1058 1056; x_wconf 91' lang='lat'>,</span> <span class='ocrx_word' id='word_1_42' title='bbox 1075 957 1383 1073; x_wconf 71' lang='lat' dir='ltr'>multiplicandis</span> <span class='ocrx_word' id='word_1_43' title='bbox 1399 957 1596 1072; x_wconf 84' lang='lat' dir='ltr'>frugibus,</span> 
     </span>
     <span class='ocr_line' id='line_1_7' title="bbox 250 1069 1598 1186; baseline 0.004 -34"><span class='ocrx_word' id='word_1_44' title='bbox 250 1074 609 1182; x_wconf 83' lang='lat' dir='ltr'>atqueeaeteris-ad</span> <span class='ocrx_word' id='word_1_45' title='bbox 624 1073 833 1159; x_wconf 81' lang='lat' dir='ltr'>hominum</span> <span class='ocrx_word' id='word_1_46' title='bbox 847 1079 969 1160; x_wconf 77' lang='lat' dir='ltr'>vitam</span> <span class='ocrx_word' id='word_1_47' title='bbox 982 1071 1294 1157; x_wconf 84' lang='lat' dir='ltr'>conducentibus</span> <span class='ocrx_word' id='word_1_48' title='bbox 1308 1069 1509 1186; x_wconf 80' lang='lat' dir='ltr'>perspicae</span> <span class='ocrx_word' id='word_1_49' title='bbox 1524 1074 1598 1157; x_wconf 89' lang='lat' dir='ltr'>de-</span> 
     </span>
     <span class='ocr_line' id='line_1_8' title="bbox 228 1181 1646 1280; baseline 0.008 -16"><span class='ocrx_word' id='word_1_50' title='bbox 228 1181 416 1280; x_wconf 70' lang='lat' dir='ltr'>}‚lineataz</span> <span class='ocrx_word' id='word_1_51' title='bbox 448 1184 934 1275; x_wconf 71' lang='lat' dir='ltr'>bonitasetelementiain</span> <span class='ocrx_word' id='word_1_52' title='bbox 950 1187 1601 1272; x_wconf 78' lang='lat' dir='ltr'>averruncandishominuminfor·</span> <span class='ocrx_word' id='word_1_53' title='bbox 1644 1267 1646 1275; x_wconf 91' lang='lat'><em>.</em></span> 
     </span>
     <span class='ocr_line' id='line_1_9' title="bbox 229 1299 1599 1416; baseline 0.007 -38"><span class='ocrx_word' id='word_1_54' title='bbox 229 1305 395 1394; x_wconf 59' lang='lat' dir='ltr'>muniis,</span> <span class='ocrx_word' id='word_1_55' title='bbox 430 1302 916 1416; x_wconf 84' lang='lat' dir='ltr'>exaudiendisprecibus,</span> <span class='ocrx_word' id='word_1_56' title='bbox 949 1299 1195 1388; x_wconf 86' lang='lat' dir='ltr'>restituenda</span> <span class='ocrx_word' id='word_1_57' title='bbox 1206 1299 1414 1415; x_wconf 78' lang='lat' dir='ltr'>seluteper</span> <span class='ocrx_word' id='word_1_58' title='bbox 1427 1329 1599 1415; x_wconf 86' lang='lat' dir='ltr'>papaver</span> 
     </span>
     <span class='ocr_line' id='line_1_10' title="bbox 132 1410 1600 1523; baseline 0.007 -32"><span class='ocrx_word' id='word_1_59' title='bbox 132 1463 134 1468; x_wconf 84' lang='lat'><em>·</em></span> <span class='ocrx_word' id='word_1_60' title='bbox 249 1410 494 1523; x_wconf 52' lang='lat' dir='ltr'>significata*</span> <span class='ocrx_word' id='word_1_61' title='bbox 528 1417 643 1508; x_wconf 82' lang='lat' dir='ltr'>Plura</span> <span class='ocrx_word' id='word_1_62' title='bbox 669 1417 781 1508; x_wconf 88' lang='lat' dir='ltr'>dabit</span> <span class='ocrx_word' id='word_1_63' title='bbox 801 1415 948 1502; x_wconf 84' lang='lat' dir='ltr'>Ulisses</span> <span class='ocrx_word' id='word_1_64' title='bbox 965 1414 1498 1501; x_wconf 73' lang='lat' dir='ltr'>Aldrovandusinbistoria</span> <span class='ocrx_word' id='word_1_65' title='bbox 1513 1421 1600 1502; x_wconf 86' lang='lat' dir='ltr'>Ser-</span> 
     </span>
    </p>

    <p class='ocr_par' dir='ltr' id='par_1_3' title="bbox 231 1553 1598 1642">
     <span class='ocr_line' id='line_1_11' title="bbox 231 1553 1598 1642; baseline 0.006 -34"><span class='ocrx_word' id='word_1_66' title='bbox 231 1553 427 1642; x_wconf 45' lang='lat' dir='ltr'>ppentum.</span> <span class='ocrx_word' id='word_1_67' title='bbox 1528 1582 1531 1586; x_wconf 91' lang='lat'>·</span> <span class='ocrx_word' id='word_1_68' title='bbox 1592 1620 1598 1630; x_wconf 66' lang='grc'><em>,</em></span> 
     </span>
    </p>

    <p class='ocr_par' dir='ltr' id='par_1_4' title="bbox 233 1640 1723 2786">
     <span class='ocr_line' id='line_1_12' title="bbox 308 1640 1600 1759; baseline 0.01 -40"><span class='ocrx_word' id='word_1_69' title='bbox 308 1640 502 1755; x_wconf 81' lang='lat' dir='ltr'>Serpentis</span> <span class='ocrx_word' id='word_1_70' title='bbox 521 1647 799 1729; x_wconf 72' lang='lat' dir='ltr'>‹autem&#39;Genii</span> <span class='ocrx_word' id='word_1_71' title='bbox 826 1649 988 1729; x_wconf 82' lang='lat' dir='ltr'>maximi</span> <span class='ocrx_word' id='word_1_72' title='bbox 1003 1647 1177 1759; x_wconf 86' lang='lat' dir='ltr'>imagine</span> <span class='ocrx_word' id='word_1_73' title='bbox 1193 1641 1600 1733; x_wconf 85' lang='lat' dir='ltr'>Bacchumdelineari</span> 
     </span>
     <span class='ocr_line' id='line_1_13' title="bbox 252 1753 1600 1873; baseline 0.008 -37"><span class='ocrx_word' id='word_1_74' title='bbox 252 1781 302 1836; x_wconf 86' lang='lat' dir='ltr'>ex</span> <span class='ocrx_word' id='word_1_75' title='bbox 327 1781 388 1836; x_wconf 90' lang='lat' dir='ltr'>eo·</span> <span class='ocrx_word' id='word_1_76' title='bbox 404 1753 529 1840; x_wconf 85' lang='lat' dir='ltr'>solltm</span> <span class='ocrx_word' id='word_1_77' title='bbox 552 1787 632 1842; x_wconf 94' lang='lat' dir='ltr'>non</span> <span class='ocrx_word' id='word_1_78' title='bbox 660 1762 904 1853; x_wconf 76' lang='lat' dir='ltr'>evincimur,</span> <span class='ocrx_word' id='word_1_79' title='bbox 934 1754 1044 1873; x_wconf 83' lang='lat' dir='ltr'>qudd</span> <span class='ocrx_word' id='word_1_80' title='bbox 1070 1785 1114 1842; x_wconf 93' lang='lat' dir='ltr'>ut</span> <span class='ocrx_word' id='word_1_81' title='bbox 1124 1759 1232 1873; x_wconf 86' lang='lat' dir='ltr'>apud</span> <span class='ocrx_word' id='word_1_82' title='bbox 1248 1781 1404 1842; x_wconf 86' lang='lat' dir='ltr'>autores</span> <span class='ocrx_word' id='word_1_83' title='bbox 1416 1785 1600 1857; x_wconf 89' lang='lat' dir='ltr'>constat,</span> 
     </span>
     <span class='ocr_line' id='line_1_14' title="bbox 251 1860 1601 1987; baseline 0.005 -37"><span class='ocrx_word' id='word_1_84' title='bbox 251 1860 406 1982; x_wconf 88' lang='lat' dir='ltr'>serpens</span> <span class='ocrx_word' id='word_1_85' title='bbox 426 1901 497 1984; x_wconf 88' lang='lat' dir='ltr'>pro</span> <span class='ocrx_word' id='word_1_86' title='bbox 519 1873 674 1962; x_wconf 83' lang='lat' dir='ltr'>Baccho</span> <span class='ocrx_word' id='word_1_87' title='bbox 691 1871 839 1987; x_wconf 83' lang='lat' dir='ltr'>saepibs</span> <span class='ocrx_word' id='word_1_88' title='bbox 865 1898 1046 1986; x_wconf 84' lang='lat' dir='ltr'>acceptus</span> <span class='ocrx_word' id='word_1_89' title='bbox 1070 1873 1221 1971; x_wconf 86' lang='lat' dir='ltr'>suerit,</span> <span class='ocrx_word' id='word_1_90' title='bbox 1257 1868 1368 1986; x_wconf 73' lang='lat' dir='ltr'>qudd</span> <span class='ocrx_word' id='word_1_91' title='bbox 1383 1875 1429 1958; x_wconf 79' lang='lat' dir='ltr'>erl</span> <span class='ocrx_word' id='word_1_92' title='bbox 1443 1875 1601 1974; x_wconf 80' lang='lat' dir='ltr'>formrl,</span> 
     </span>
     <span class='ocr_line' id='line_1_15' title="bbox 254 1986 1600 2102; baseline 0.01 -40"><span class='ocrx_word' id='word_1_93' title='bbox 254 2011 309 2063; x_wconf 87' lang='lat' dir='ltr'>eo</span> <span class='ocrx_word' id='word_1_94' title='bbox 329 1989 728 2102; x_wconf 79' lang='lat' dir='ltr'>nomineDionysius</span> <span class='ocrx_word' id='word_1_95' title='bbox 741 1993 869 2078; x_wconf 80' lang='lat' dir='ltr'>visus,</span> <span class='ocrx_word' id='word_1_96' title='bbox 888 1988 1029 2071; x_wconf 81' lang='lat' dir='ltr'>cultus</span> <span class='ocrx_word' id='word_1_97' title='bbox 1048 2012 1090 2072; x_wconf 94' lang='lat' dir='ltr'>et</span> <span class='ocrx_word' id='word_1_98' title='bbox 1115 1986 1356 2102; x_wconf 82' lang='lat' dir='ltr'>appellatus,</span> <span class='ocrx_word' id='word_1_99' title='bbox 1385 1990 1452 2073; x_wconf 88' lang='lat' dir='ltr'>sed</span> <span class='ocrx_word' id='word_1_100' title='bbox 1477 1995 1600 2075; x_wconf 83' lang='lat' dir='ltr'>etiam</span> 
     </span>
     <span class='ocr_line' id='line_1_16' title="bbox 235 2091 1604 2216; baseline 0.009 -41"><span class='ocrx_word' id='word_1_101' title='bbox 235 2091 364 2208; x_wconf 85' lang='lat' dir='ltr'>..qubd</span> <span class='ocrx_word' id='word_1_102' title='bbox 390 2101 531 2184; x_wconf 86' lang='lat' dir='ltr'>eadem</span> <span class='ocrx_word' id='word_1_103' title='bbox 551 2100 602 2185; x_wconf 94' lang='lat' dir='ltr'>de</span> <span class='ocrx_word' id='word_1_104' title='bbox 622 2102 803 2192; x_wconf 83' lang='lat' dir='ltr'>Baccho,</span> <span class='ocrx_word' id='word_1_105' title='bbox 840 2131 943 2214; x_wconf 85' lang='lat' dir='ltr'>quac</span> <span class='ocrx_word' id='word_1_106' title='bbox 962 2101 1165 2186; x_wconf 81' lang='lat' dir='ltr'>chenio</span> <span class='ocrx_word' id='word_1_107' title='bbox 1178 2100 1359 2216; x_wconf 87' lang='lat' dir='ltr'>supremo</span> <span class='ocrx_word' id='word_1_108' title='bbox 1373 2105 1604 2215; x_wconf 82' lang='lat' dir='ltr'>praedican-</span> 
     </span>
     <span class='ocr_line' id='line_1_17' title="bbox 234 2211 1603 2332; baseline 0.003 -32"><span class='ocrx_word' id='word_1_109' title='bbox 234 2216 347 2300; x_wconf 69' lang='lat' dir='ltr'>Jtur:</span> <span class='ocrx_word' id='word_1_110' title='bbox 377 2211 534 2298; x_wconf 74' lang='lat' dir='ltr'>brevius</span> <span class='ocrx_word' id='word_1_111' title='bbox 550 2216 747 2312; x_wconf 81' lang='lat' dir='ltr'>dixerim,</span> <span class='ocrx_word' id='word_1_112' title='bbox 773 2212 883 2330; x_wconf 83' lang='lat' dir='ltr'>qudd</span> <span class='ocrx_word' id='word_1_113' title='bbox 904 2214 1050 2298; x_wconf 79' lang='lat' dir='ltr'>bacchi</span> <span class='ocrx_word' id='word_1_114' title='bbox 1075 2219 1237 2300; x_wconf 87' lang='lat' dir='ltr'>nomine</span> <span class='ocrx_word' id='word_1_115' title='bbox 1252 2239 1293 2298; x_wconf 92' lang='lat' dir='ltr'>et</span> <span class='ocrx_word' id='word_1_116' title='bbox 1317 2216 1500 2332; x_wconf 87' lang='lat' dir='ltr'>symbolis</span> <span class='ocrx_word' id='word_1_117' title='bbox 1525 2225 1603 2304; x_wconf 78' lang='lat' dir='ltr'>lins</span> 
     </span>
     <span class='ocr_line' id='line_1_18' title="bbox 233 2321 1603 2441; baseline 0.006 -33"><span class='ocrx_word' id='word_1_118' title='bbox 233 2321 478 2438; x_wconf 63' lang='lat' dir='ltr'>,simpliciter</span> <span class='ocrx_word' id='word_1_119' title='bbox 499 2328 680 2426; x_wconf 91' lang='lat' dir='ltr'>dictum,</span> <span class='ocrx_word' id='word_1_120' title='bbox 716 2331 856 2426; x_wconf 88' lang='lat' dir='ltr'>Deus,</span> <span class='ocrx_word' id='word_1_121' title='bbox 887 2329 1084 2412; x_wconf 75' lang='lat' dir='ltr'>ueteribus</span> <span class='ocrx_word' id='word_1_122' title='bbox 1102 2325 1247 2441; x_wconf 83' lang='lat' dir='ltr'>passim</span> <span class='ocrx_word' id='word_1_123' title='bbox 1272 2331 1434 2416; x_wconf 89' lang='lat' dir='ltr'>eruditis</span> <span class='ocrx_word' id='word_1_124' title='bbox 1453 2332 1603 2417; x_wconf 88' lang='lat' dir='ltr'>intelli·</span> 
     </span>
     <span class='ocr_line' id='line_1_19' title="bbox 251 2441 1605 2558; baseline 0.007 -38"><span class='ocrx_word' id='word_1_125' title='bbox 251 2441 405 2550; x_wconf 88' lang='lat' dir='ltr'>gendus</span> <span class='ocrx_word' id='word_1_126' title='bbox 421 2448 587 2527; x_wconf 85' lang='lat' dir='ltr'>venerit.</span> <span class='ocrx_word' id='word_1_127' title='bbox 624 2443 748 2556; x_wconf 73' lang='lat' dir='ltr'>Qrod</span> <span class='ocrx_word' id='word_1_128' title='bbox 764 2449 1056 2538; x_wconf 73' lang='lat' dir='ltr'>usevineatur,</span> <span class='ocrx_word' id='word_1_129' title='bbox 1084 2469 1187 2525; x_wconf 86' lang='lat' dir='ltr'>nova</span> <span class='ocrx_word' id='word_1_130' title='bbox 1203 2471 1444 2558; x_wconf 83' lang='lat' dir='ltr'>quamquam</span> <span class='ocrx_word' id='word_1_131' title='bbox 1457 2477 1536 2531; x_wconf 92' lang='lat' dir='ltr'>non</span> <span class='ocrx_word' id='word_1_132' title='bbox 1549 2452 1605 2530; x_wconf 90' lang='lat' dir='ltr'>vi·</span> 
     </span>
     <span class='ocr_line' id='line_1_20' title="bbox 252 2553 1605 2673; baseline 0.007 -39"><span class='ocrx_word' id='word_1_133' title='bbox 252 2555 431 2640; x_wconf 89' lang='lat' dir='ltr'>deantur·</span> <span class='ocrx_word' id='word_1_134' title='bbox 448 2565 594 2673; x_wconf 88' lang='lat' dir='ltr'>requiri</span> <span class='ocrx_word' id='word_1_135' title='bbox 619 2581 886 2672; x_wconf 87' lang='lat' dir='ltr'>argumenta,</span> <span class='ocrx_word' id='word_1_136' title='bbox 914 2557 1040 2640; x_wconf 85' lang='lat' dir='ltr'>allatis</span> <span class='ocrx_word' id='word_1_137' title='bbox 1060 2553 1230 2670; x_wconf 82' lang='lat' dir='ltr'>superilts</span> <span class='ocrx_word' id='word_1_138' title='bbox 1254 2583 1338 2641; x_wconf 88' lang='lat' dir='ltr'>rem</span> <span class='ocrx_word' id='word_1_139' title='bbox 1358 2559 1474 2671; x_wconf 72' lang='lat' dir='ltr'>plane</span> <span class='ocrx_word' id='word_1_140' title='bbox 1489 2568 1605 2645; x_wconf 88' lang='lat' dir='ltr'>evin-</span> 
     </span>
     <span class='ocr_line' id='line_1_21' title="bbox 247 2669 1723 2786; baseline 0.008 -36"><span class='ocrx_word' id='word_1_141' title='bbox 247 2671 461 2768; x_wconf 81' lang='lat' dir='ltr'>centibus,</span> <span class='ocrx_word' id='word_1_142' title='bbox 481 2682 653 2786; x_wconf 79' lang='lat' dir='ltr'>praestat</span> <span class='ocrx_word' id='word_1_143' title='bbox 667 2698 801 2756; x_wconf 87' lang='lat' dir='ltr'>tamen</span> <span class='ocrx_word' id='word_1_144' title='bbox 814 2675 1047 2756; x_wconf 85' lang='lat' dir='ltr'>Divinitatis</span> <span class='ocrx_word' id='word_1_145' title='bbox 1060 2669 1248 2755; x_wconf 87' lang='lat' dir='ltr'>attributa</span> <span class='ocrx_word' id='word_1_146' title='bbox 1261 2672 1429 2758; x_wconf 85' lang='lat' dir='ltr'>totidem</span> <span class='ocrx_word' id='word_1_147' title='bbox 1441 2681 1482 2759; x_wconf 92' lang='lat' dir='ltr'>in</span> <span class='ocrx_word' id='word_1_148' title='bbox 1493 2679 1606 2761; x_wconf 88' lang='lat' dir='ltr'>Deos</span> <span class='ocrx_word' id='word_1_149' title='bbox 1721 2691 1723 2696; x_wconf 81' lang='grc'><strong>’</strong></span> 
     </span>
    </p>
   </div>
   <div class='ocr_carea' id='block_1_3' title="bbox 254 2780 1741 2898">
    <p class='ocr_par' dir='ltr' id='par_1_5' title="bbox 254 2780 1741 2898">
     <span class='ocr_line' id='line_1_22' title="bbox 254 2780 1741 2898; baseline 0.01 -35"><span class='ocrx_word' id='word_1_150' title='bbox 254 2780 304 2863; x_wconf 89' lang='lat' dir='ltr'>ab</span> <span class='ocrx_word' id='word_1_151' title='bbox 318 2783 476 2868; x_wconf 88' lang='lat' dir='ltr'>indocta</span> <span class='ocrx_word' id='word_1_152' title='bbox 492 2785 1050 2898; x_wconf 73' lang='lat' dir='ltr'>plebe-aedificataresricare„</span> <span class='ocrx_word' id='word_1_153' title='bbox 1076 2809 1124 2868; x_wconf 90' lang='lat' dir='ltr'>ut</span> <span class='ocrx_word' id='word_1_154' title='bbox 1137 2783 1440 2898; x_wconf 84' lang='lat' dir='ltr'>quaesuasunt,</span> <span class='ocrx_word' id='word_1_155' title='bbox 1459 2819 1506 2876; x_wconf 89' lang='lat' dir='ltr'>ea</span> <span class='ocrx_word' id='word_1_156' title='bbox 1520 2814 1605 2877; x_wconf 92' lang='lat' dir='ltr'>tota</span> <span class='ocrx_word' id='word_1_157' title='bbox 1736 2811 1741 2822; x_wconf 90' lang='lat'>&#39;</span> 
     </span>
    </p>
   </div>
   <div class='ocr_carea' id='block_1_4' title="bbox 252 2891 1610 4271">
    <p class='ocr_par' dir='ltr' id='par_1_6' title="bbox 252 2891 1610 3811">
     <span class='ocr_line' id='line_1_23' title="bbox 252 2891 1606 3010; baseline 0.007 -36"><span class='ocrx_word' id='word_1_158' title='bbox 252 2891 327 2978; x_wconf 85' lang='lat' dir='ltr'>srbi</span> <span class='ocrx_word' id='word_1_159' title='bbox 341 2897 719 2990; x_wconf 77' lang='lat' dir='ltr'>Bacchus-vindicet.</span> <span class='ocrx_word' id='word_1_160' title='bbox 771 2911 831 2985; x_wconf 85' lang='lat' dir='ltr'>lta</span> <span class='ocrx_word' id='word_1_161' title='bbox 846 2897 1163 2984; x_wconf 85' lang='lat' dir='ltr'>enimconstabit</span> <span class='ocrx_word' id='word_1_162' title='bbox 1178 2905 1420 3010; x_wconf 84' lang='lat' dir='ltr'>potentiam,</span> <span class='ocrx_word' id='word_1_163' title='bbox 1440 2909 1606 2988; x_wconf 82' lang='lat' dir='ltr'>aeterni-</span> 
     </span>
     <span class='ocr_line' id='line_1_24' title="bbox 254 3009 1605 3128; baseline -0.002 -37"><span class='ocrx_word' id='word_1_164' title='bbox 254 3029 379 3094; x_wconf 87' lang='lat' dir='ltr'>tatem</span> <span class='ocrx_word' id='word_1_165' title='bbox 400 3069 411 3106; x_wconf 87' lang='lat'>,</span> <span class='ocrx_word' id='word_1_166' title='bbox 433 3015 727 3126; x_wconf 81' lang='lat' dir='ltr'>providentiam</span> <span class='ocrx_word' id='word_1_167' title='bbox 747 3073 758 3110; x_wconf 92' lang='lat'>,</span> <span class='ocrx_word' id='word_1_168' title='bbox 793 3012 1021 3096; x_wconf 87' lang='lat' dir='ltr'>felicitatem</span> <span class='ocrx_word' id='word_1_169' title='bbox 1036 3009 1046 3100; x_wconf 70' lang='grc'>’,</span> <span class='ocrx_word' id='word_1_170' title='bbox 1063 3015 1269 3095; x_wconf 84' lang='lat' dir='ltr'>victoriam</span> <span class='ocrx_word' id='word_1_171' title='bbox 1288 3069 1299 3106; x_wconf 90' lang='lat'>‚</span> <span class='ocrx_word' id='word_1_172' title='bbox 1316 3011 1476 3101; x_wconf 88' lang='lat' dir='ltr'>salutem</span> <span class='ocrx_word' id='word_1_173' title='bbox 1493 3078 1504 3114; x_wconf 95' lang='lat'>,</span> <span class='ocrx_word' id='word_1_174' title='bbox 1523 3019 1605 3128; x_wconf 60' lang='lat' dir='ltr'>jue.</span> 
     </span>
     <span class='ocr_line' id='line_1_25' title="bbox 254 3127 1606 3243; baseline 0.006 -39"><span class='ocrx_word' id='word_1_175' title='bbox 254 3127 414 3221; x_wconf 87' lang='lat' dir='ltr'>titiam,</span> <span class='ocrx_word' id='word_1_176' title='bbox 442 3155 678 3243; x_wconf 84' lang='lat' dir='ltr'>caeteraque</span> <span class='ocrx_word' id='word_1_177' title='bbox 693 3129 735 3212; x_wconf 92' lang='lat' dir='ltr'>id</span> <span class='ocrx_word' id='word_1_178' title='bbox 760 3153 885 3240; x_wconf 89' lang='lat' dir='ltr'>genus</span> <span class='ocrx_word' id='word_1_179' title='bbox 898 3130 1117 3211; x_wconf 83' lang='lat' dir='ltr'>divinitatis</span> <span class='ocrx_word' id='word_1_180' title='bbox 1134 3131 1290 3239; x_wconf 86' lang='lat' dir='ltr'>propria</span> <span class='ocrx_word' id='word_1_181' title='bbox 1307 3186 1320 3221; x_wconf 91' lang='lat'>,</span> <span class='ocrx_word' id='word_1_182' title='bbox 1335 3153 1386 3212; x_wconf 85' lang='lat' dir='ltr'>et</span> <span class='ocrx_word' id='word_1_183' title='bbox 1405 3135 1520 3216; x_wconf 87' lang='lat' dir='ltr'>variis</span> <span class='ocrx_word' id='word_1_184' title='bbox 1535 3132 1606 3218; x_wconf 86' lang='lat' dir='ltr'>sub</span> 
     </span>
     <span class='ocr_line' id='line_1_26' title="bbox 253 3236 1606 3340; baseline 0.002 -21"><span class='ocrx_word' id='word_1_185' title='bbox 253 3236 670 3340; x_wconf 80' lang='lat' dir='ltr'>denominationibus,</span> <span class='ocrx_word' id='word_1_186' title='bbox 695 3267 742 3329; x_wconf 87' lang='lat' dir='ltr'>ut</span> <span class='ocrx_word' id='word_1_187' title='bbox 757 3242 950 3331; x_wconf 82' lang='lat' dir='ltr'>diximus,</span> <span class='ocrx_word' id='word_1_188' title='bbox 964 3243 1081 3330; x_wconf 70' lang='lat' dir='ltr'>soris</span> <span class='ocrx_word' id='word_1_189' title='bbox 1095 3302 1105 3336; x_wconf 97' lang='lat'>,</span> <span class='ocrx_word' id='word_1_190' title='bbox 1119 3245 1272 3324; x_wconf 84' lang='lat' dir='ltr'>Saturni</span> <span class='ocrx_word' id='word_1_191' title='bbox 1288 3299 1301 3336; x_wconf 88' lang='lat'>‚</span> <span class='ocrx_word' id='word_1_192' title='bbox 1316 3243 1493 3338; x_wconf 86' lang='lat' dir='ltr'>Ceteris,</span> <span class='ocrx_word' id='word_1_193' title='bbox 1509 3249 1606 3332; x_wconf 87' lang='lat' dir='ltr'>Aes.</span> 
     </span>
     <span class='ocr_line' id='line_1_27' title="bbox 256 3354 1607 3471; baseline 0.01 -38"><span class='ocrx_word' id='word_1_194' title='bbox 256 3357 491 3469; x_wconf 73' lang='lat' dir='ltr'>culapii-&amp;o</span> <span class='ocrx_word' id='word_1_195' title='bbox 506 3385 702 3471; x_wconf 84' lang='lat' dir='ltr'>usurpata</span> <span class='ocrx_word' id='word_1_196' title='bbox 720 3417 731 3451; x_wconf 91' lang='lat'>‚</span> <span class='ocrx_word' id='word_1_197' title='bbox 750 3355 809 3439; x_wconf 83' lang='lat' dir='ltr'>ad</span> <span class='ocrx_word' id='word_1_198' title='bbox 824 3354 1025 3438; x_wconf 77' lang='lat' dir='ltr'>Bacchum</span> <span class='ocrx_word' id='word_1_199' title='bbox 1050 3379 1116 3438; x_wconf 87' lang='lat' dir='ltr'>tan</span> <span class='ocrx_word' id='word_1_200' title='bbox 1146 3383 1241 3438; x_wconf 87' lang='lat' dir='ltr'>uam</span> <span class='ocrx_word' id='word_1_201' title='bbox 1263 3363 1385 3440; x_wconf 91' lang='lat' dir='ltr'>totius</span> <span class='ocrx_word' id='word_1_202' title='bbox 1401 3357 1501 3446; x_wconf 86' lang='lat' dir='ltr'>boni</span> <span class='ocrx_word' id='word_1_203' title='bbox 1513 3361 1607 3446; x_wconf 91' lang='lat' dir='ltr'>son-</span> 
     </span>
     <span class='ocr_line' id='line_1_28' title="bbox 255 3385 1604 3588; baseline 0.007 -40"><span class='ocrx_word' id='word_1_204' title='bbox 255 3489 346 3552; x_wconf 87' lang='lat' dir='ltr'>tem-</span> <span class='ocrx_word' id='word_1_205' title='bbox 359 3469 595 3554; x_wconf 77' lang='lat' dir='ltr'>abethnicis</span> <span class='ocrx_word' id='word_1_206' title='bbox 612 3472 777 3554; x_wconf 87' lang='lat' dir='ltr'>eruditis</span> <span class='ocrx_word' id='word_1_207' title='bbox 789 3385 1226 3582; x_wconf 71' lang='lat' dir='ltr'>compluribus-resenti-</span> <span class='ocrx_word' id='word_1_208' title='bbox 1275 3470 1428 3555; x_wconf 82' lang='lat' dir='ltr'>Exinde</span> <span class='ocrx_word' id='word_1_209' title='bbox 1447 3476 1544 3588; x_wconf 88' lang='lat' dir='ltr'>qnid</span> <span class='ocrx_word' id='word_1_210' title='bbox 1557 3475 1604 3556; x_wconf 89' lang='lat' dir='ltr'>sr-</span> 
     </span>
     <span class='ocr_line' id='line_1_29' title="bbox 254 3579 1610 3700; baseline 0.009 -38"><span class='ocrx_word' id='word_1_211' title='bbox 254 3579 295 3663; x_wconf 88' lang='lat' dir='ltr'>bi</span> <span class='ocrx_word' id='word_1_212' title='bbox 311 3584 433 3668; x_wconf 89' lang='lat' dir='ltr'>velint</span> <span class='ocrx_word' id='word_1_213' title='bbox 445 3582 682 3697; x_wconf 83' lang='lat' dir='ltr'>frequentes·</span> <span class='ocrx_word' id='word_1_214' title='bbox 696 3587 801 3670; x_wconf 87' lang='lat' dir='ltr'>adeo</span> <span class='ocrx_word' id='word_1_215' title='bbox 815 3588 856 3666; x_wconf 86' lang='lat' dir='ltr'>iu</span> <span class='ocrx_word' id='word_1_216' title='bbox 876 3579 1256 3668; x_wconf 80' lang='lat' dir='ltr'>veteribusnummis</span> <span class='ocrx_word' id='word_1_217' title='bbox 1274 3580 1468 3700; x_wconf 79' lang='lat' dir='ltr'>serpentes</span> <span class='ocrx_word' id='word_1_218' title='bbox 1487 3647 1498 3686; x_wconf 92' lang='lat'>,</span> <span class='ocrx_word' id='word_1_219' title='bbox 1523 3587 1610 3674; x_wconf 84' lang='lat' dir='ltr'>nul·</span> 
     </span>
     <span class='ocr_line' id='line_1_30' title="bbox 253 3696 1407 3811; baseline 0.001 -32"><span class='ocrx_word' id='word_1_220' title='bbox 253 3696 297 3780; x_wconf 93' lang='lat' dir='ltr'>lo</span> <span class='ocrx_word' id='word_1_221' title='bbox 318 3759 329 3794; x_wconf 95' lang='lat'>‚</span> <span class='ocrx_word' id='word_1_222' title='bbox 359 3721 405 3784; x_wconf 92' lang='lat' dir='ltr'>ut</span> <span class='ocrx_word' id='word_1_223' title='bbox 418 3698 576 3784; x_wconf 86' lang='lat' dir='ltr'>videtur</span> <span class='ocrx_word' id='word_1_224' title='bbox 592 3759 602 3788; x_wconf 84' lang='lat'>,</span> <span class='ocrx_word' id='word_1_225' title='bbox 620 3704 804 3811; x_wconf 87' lang='lat' dir='ltr'>negocio</span> <span class='ocrx_word' id='word_1_226' title='bbox 816 3701 1057 3810; x_wconf 76' lang='lat' dir='ltr'>expedietur.</span> <span class='ocrx_word' id='word_1_227' title='bbox 1403 3705 1407 3712; x_wconf 82' lang='grc'><em>“</em></span> 
     </span>
    </p>

    <p class='ocr_par' dir='ltr' id='par_1_7' title="bbox 253 3809 1606 4128">
     <span class='ocr_line' id='line_1_31' title="bbox 314 3809 1605 3928; baseline 0.002 -32"><span class='ocrx_word' id='word_1_228' title='bbox 314 3815 498 3914; x_wconf 85' lang='lat' dir='ltr'>Deorum</span> <span class='ocrx_word' id='word_1_229' title='bbox 509 3809 1272 3928; x_wconf 42' lang='lat' dir='ltr'>antiquissimumrl&#39;bornutusbacc&#39;hum</span> <span class='ocrx_word' id='word_1_230' title='bbox 1282 3815 1504 3928; x_wconf 78' lang='lat' dir='ltr'>praedicat,</span> <span class='ocrx_word' id='word_1_231' title='bbox 1519 3819 1605 3902; x_wconf 75' lang='lat' dir='ltr'>Or·</span> 
     </span>
     <span class='ocr_line' id='line_1_32' title="bbox 256 3921 1606 4044; baseline 0.003 -34"><span class='ocrx_word' id='word_1_232' title='bbox 256 3927 381 4044; x_wconf 84' lang='lat' dir='ltr'>pheos</span> <span class='ocrx_word' id='word_1_233' title='bbox 395 3929 665 4015; x_wconf 89' lang='lat' dir='ltr'>Perikionium</span> <span class='ocrx_word' id='word_1_234' title='bbox 680 3924 780 4026; x_wconf 70' lang='lat' dir='ltr'>,seu</span> <span class='ocrx_word' id='word_1_235' title='bbox 798 3929 867 4040; x_wconf 89' lang='lat' dir='ltr'>qui</span> <span class='ocrx_word' id='word_1_236' title='bbox 891 3927 1046 4016; x_wconf 84' lang='lat' dir='ltr'>Saturni</span> <span class='ocrx_word' id='word_1_237' title='bbox 1061 3921 1263 4036; x_wconf 83' lang='lat' dir='ltr'>sphaeram</span> <span class='ocrx_word' id='word_1_238' title='bbox 1278 3929 1402 4011; x_wconf 90' lang='lat' dir='ltr'>ambit</span> <span class='ocrx_word' id='word_1_239' title='bbox 1418 3987 1431 4026; x_wconf 73' lang='lat'>‚</span> <span class='ocrx_word' id='word_1_240' title='bbox 1443 3989 1447 4000; x_wconf 72' lang='grc'>.</span> <span class='ocrx_word' id='word_1_241' title='bbox 1458 3957 1499 4012; x_wconf 87' lang='lat' dir='ltr'>et</span> <span class='ocrx_word' id='word_1_242' title='bbox 1519 3961 1606 4016; x_wconf 83' lang='lat' dir='ltr'>mo·</span> 
     </span>
     <span class='ocr_line' id='line_1_33' title="bbox 253 4042 1255 4128; baseline -0.009 0"><span class='ocrx_word' id='word_1_243' title='bbox 253 4045 439 4128; x_wconf 72' lang='lat' dir='ltr'>deraturr</span> <span class='ocrx_word' id='word_1_244' title='bbox 459 4042 640 4128; x_wconf 86' lang='lat' dir='ltr'>eundem</span> <span class='ocrx_word' id='word_1_245' title='bbox 652 4071 768 4126; x_wconf 86' lang='lat' dir='ltr'>nunc</span> <span class='ocrx_word' id='word_1_246' title='bbox 781 4042 1022 4122; x_wconf 77' lang='lat' dir='ltr'>eor-nummis</span> <span class='ocrx_word' id='word_1_247' title='bbox 1032 4063 1255 4122; x_wconf 80' lang='lat' dir='ltr'>aeternum.</span> 
     </span>
    </p>

    <p class='ocr_par' dir='ltr' id='par_1_8' title="bbox 314 4151 1602 4271">
     <span class='ocr_line' id='line_1_34' title="bbox 314 4151 1602 4271; baseline -0.002 -29"><span class='ocrx_word' id='word_1_248' title='bbox 314 4177 484 4242; x_wconf 81' lang='grc' dir='ltr'>ΚΩΙΩΝ.</span> <span class='ocrx_word' id='word_1_249' title='bbox 525 4159 659 4271; x_wconf 86' lang='lat' dir='ltr'>Caput</span> <span class='ocrx_word' id='word_1_250' title='bbox 676 4154 820 4248; x_wconf 84' lang='lat' dir='ltr'>Bacchi</span> <span class='ocrx_word' id='word_1_251' title='bbox 835 4152 1077 4236; x_wconf 88' lang='lat' dir='ltr'>muliebriter</span> <span class='ocrx_word' id='word_1_252' title='bbox 1093 4176 1275 4236; x_wconf 88' lang='lat' dir='ltr'>ornatum</span> <span class='ocrx_word' id='word_1_253' title='bbox 1289 4151 1602 4254; x_wconf 83' lang='lat' dir='ltr'>,·smistrorsi1m,</span> 
     </span>
    </p>
   </div>
   <div class='ocr_carea' id='block_1_5' title="bbox 157 4237 1604 4384">
    <p class='ocr_par' dir='ltr' id='par_1_9' title="bbox 157 4237 1604 4384">
     <span class='ocr_line' id='line_1_35' title="bbox 157 4237 1604 4384; baseline 0.001 -28"><span class='ocrx_word' id='word_1_254' title='bbox 157 4237 164 4252; x_wconf 85' lang='lat'><strong><em>.</em></strong></span> <span class='ocrx_word' id='word_1_255' title='bbox 254 4271 733 4372; x_wconf 79' lang='lat' dir='ltr'>adhumeroseutnstola.</span> <span class='ocrx_word' id='word_1_256' title='bbox 769 4276 814 4375; x_wconf 84' lang='grc'>;)(</span> <span class='ocrx_word' id='word_1_257' title='bbox 833 4291 921 4356; x_wconf 73' lang='lat' dir='ltr'>Alo</span> <span class='ocrx_word' id='word_1_258' title='bbox 949 4287 1212 4358; x_wconf 73' lang='lat' dir='ltr'>AIONTcloc</span> <span class='ocrx_word' id='word_1_259' title='bbox 1230 4278 1392 4384; x_wconf 83' lang='lat' dir='ltr'>Caput,</span> <span class='ocrx_word' id='word_1_260' title='bbox 1415 4268 1604 4357; x_wconf 75' lang='lat' dir='ltr'>seularva</span> 
     </span>
    </p>
   </div>
   <div class='ocr_carea' id='block_1_6' title="bbox 256 4445 1603 4652">
    <p class='ocr_par' dir='ltr' id='par_1_10' title="bbox 256 4445 1603 4652">
     <span class='ocr_line' id='line_1_36' title="bbox 333 4445 1603 4560; baseline -0.006 -17"><span class='ocrx_word' id='word_1_261' title='bbox 333 4489 415 4560; x_wconf 78' lang='lat' dir='ltr'>·[a]</span> <span class='ocrx_word' id='word_1_262' title='bbox 436 4449 693 4546; x_wconf 63' lang='lat' dir='ltr'>Firmimsllbal&#39;.</span> <span class='ocrx_word' id='word_1_263' title='bbox 714 4479 850 4544; x_wconf 80' lang='lat' dir='ltr'>Mathem.</span> <span class='ocrx_word' id='word_1_264' title='bbox 866 4480 1033 4540; x_wconf 81' lang='lat' dir='ltr'>Heraclitus.</span> <span class='ocrx_word' id='word_1_265' title='bbox 1098 4477 1175 4554; x_wconf 61' lang='lat' dir='ltr'>&#39;&#39;[b]</span> <span class='ocrx_word' id='word_1_266' title='bbox 1199 4483 1242 4540; x_wconf 94' lang='lat' dir='ltr'>lta</span> <span class='ocrx_word' id='word_1_267' title='bbox 1253 4445 1493 4546; x_wconf 66' lang='lat' dir='ltr'>Mdeeobsamn.</span> <span class='ocrx_word' id='word_1_268' title='bbox 1508 4483 1569 4544; x_wconf 82' lang='lat' dir='ltr'>Lib.</span> <span class='ocrx_word' id='word_1_269' title='bbox 1581 4485 1603 4546; x_wconf 83' lang='grc' dir='ltr'>ῐ,</span> 
     </span>
     <span class='ocr_line' id='line_1_37' title="bbox 256 4559 1603 4652; baseline -0.002 -28"><span class='ocrx_word' id='word_1_270' title='bbox 256 4569 327 4645; x_wconf 84' lang='lat' dir='ltr'>cap.</span> <span class='ocrx_word' id='word_1_271' title='bbox 341 4583 413 4626; x_wconf 86' lang='lat' dir='ltr'>xur.</span> <span class='ocrx_word' id='word_1_272' title='bbox 453 4569 648 4644; x_wconf 73' lang='lat' dir='ltr'>Argumentum</span> <span class='ocrx_word' id='word_1_273' title='bbox 659 4563 763 4626; x_wconf 67' lang='lat' dir='ltr'>cadurs·</span> <span class='ocrx_word' id='word_1_274' title='bbox 773 4561 963 4652; x_wconf 66' lang='lat' dir='ltr'>adgressurum</span> <span class='ocrx_word' id='word_1_275' title='bbox 975 4559 1131 4630; x_wconf 81' lang='lat' dir='ltr'>hominum,</span> <span class='ocrx_word' id='word_1_276' title='bbox 1148 4575 1216 4638; x_wconf 78' lang='lat' dir='ltr'>quae</span> <span class='ocrx_word' id='word_1_277' title='bbox 1228 4561 1324 4636; x_wconf 70' lang='lat' dir='ltr'>grueria</span> <span class='ocrx_word' id='word_1_278' title='bbox 1333 4563 1494 4639; x_wconf 73' lang='lat' dir='ltr'>appellum,</span> <span class='ocrx_word' id='word_1_279' title='bbox 1519 4570 1603 4642; x_wconf 58' lang='lat' dir='ltr'>argy-</span> 
     </span>
    </p>
   </div>
   <div class='ocr_carea' id='block_1_7' title="bbox 241 4643 1302 4808">
    <p class='ocr_par' dir='ltr' id='par_1_11' title="bbox 241 4643 1302 4808">
     <span class='ocr_line' id='line_1_38' title="bbox 241 4643 479 4724; baseline 0.008 -22"><span class='ocrx_word' id='word_1_280' title='bbox 241 4647 303 4722; x_wconf 57' lang='lat' dir='ltr'>ptis·</span> <span class='ocrx_word' id='word_1_281' title='bbox 317 4643 479 4724; x_wconf 72' lang='lat' dir='ltr'>protendunt,</span> 
     </span>
     <span class='ocr_line' id='line_1_39' title="bbox 1186 4719 1302 4808; baseline -0.112 -1"><span class='ocrx_word' id='word_1_282' title='bbox 1186 4719 1261 4808; x_wconf 84' lang='lat' dir='ltr'>Cc</span> <span class='ocrx_word' id='word_1_283' title='bbox 1299 4787 1302 4794; x_wconf 88' lang='lat'><em>.</em></span> 
     </span>
    </p>
   </div>
   <div class='ocr_carea' id='block_1_8' title="bbox 0 0 2110 5496">
    <p class='ocr_par' dir='ltr' id='par_1_12' title="bbox 0 0 2110 5496">
     <span class='ocr_line' id='line_1_40' title="bbox 0 0 2110 5496; baseline 0 0"><span class='ocrx_word' id='word_1_284' title='bbox 0 0 2110 5496; x_wconf 95' lang='lat' dir='ltr'> </span> 
     </span>
    </p>
   </div>
  </div>
 </body>
</html>
