4212 5496
231 423 420 516 hunam
437 427 540 513 illius
553 433 808 540 exiguitatem
832 489 842 524 ‚
872 428 1123 512 caelatorisve
1139 434 1331 512 incuriam
1346 424 1564 533 distingue-

231 572 274 624 re
292 574 370 630 non
396 543 516 626 licuit.
553 543 714 654 Duplex
736 543 897 654 tripodis
922 572 1013 633 usus
1029 545 1132 656 apud
1153 567 1332 656 veterps,
1357 541 1408 622 ad
1424 539 1562 619 vatici·

231 659 433 738 nationem
451 653 621 750 scilicet,
649 681 690 738 et
704 655 934 740 suffimenta
978 657 1236 740 Celebrautur
1250 655 1392 737 Bacchi
1409 647 1562 762 respon·

232 797 271 849 sa
291 771 399 880 apud·
415 773 602 880 Ligureos
617 768 820 865 Thraces,
849 767 917 850 ubi
942 769 1072 853 aditus
1096 793 1178 852 erat
1196 759 1340 850 Libero
1365 765 1496 849 sacer,
1517 766 1562 844 in
1617 851 1619 856 ,

231 910 311 992 quo
326 881 590 964 fundebantur
601 882 784 976 oracula,
802 906 921 992 epoto
935 909 1065 964 tamen
1082 881 1294 993 pribuviuo
1307 879 1473 994 plurimo
1488 879 1563 978 [ab

231 995 407 1078 Fatidico
436 995 580 1188 tripodi
592 994 824 1078 insistebant
838 994 1073 1076 Bacchantes
1088 999 1282 1078 distractis·
1293 991 1490 1087 cruribus,
1505 991 1563 1072 di-

6 1089 7 1096 ¹
112 1135 118 1144 ¹
232 1110 345 1188 vinos
365 1109 471 1190 admi
488 1135 601 1189 surae
612 1106 794 1219 spiritus,
820 1133 940 1218 atquo
964 1107 1199 1191 anhelitibus
1224 1107 1335 1190 factis
1357 1102 1564 1187 inflandae.

157 1291 164 1298 .
233 1217 341 1306 Aliis
356 1221 573 1302 edebantur
603 1221 757 1302 oracula
782 1251 805 1300 e
830 1220 1028 1329 subjecto,
1053 1221 1297 1332 implicitura
1323 1217 1468 1332 tripodi
1486 1214 1565 1298 ser-

202 1335 205 1350 *
232 1357 352 1444 pente
370 1337 384 1436 [
401 1330 422 1407 b
438 1341 466 1440 }.
512 1331 840 1442 Delphisnacchi
859 1334 1112 1444 ignum-erat
1141 1333 1207 1416 sub
1223 1336 1395 1445 imagine
1412 1329 1564 1442 Apolli-

232 1447 294 1528 nis
318 1452 494 1557 geminas
521 1445 623 1528 faces
650 1451 858 1558 quatientis
875 1452 890 1550 [
906 1451 968 1550 c].
1009 1447 1075 1530 De
1103 1451 1264 1554 Nysaeo
1289 1470 1401 1528 antro
1424 1443 1569 1532 Bacchi

231 1559 394 1643 oraculis
423 1557 627 1643 nobilitato
653 1563 831 1642 Lucanus
860 1558 987 1648 Phars.
1016 1561 1100 1642 Lib.
1116 1565 1141 1642 1.
1168 1557 1369 1668 erorsltm
1394 1557 1569 1639 Bacchus

219 1671 418 1784 Orpheo,
448 1671 625 1784 Euripidi
645 1675 830 1760 ‚Nonno
848 1673 989 1754 dicitur
1005 1669 1211 1764 fatidicus,
1239 1677 1314 1754 nisi
1328 1671 1377 1754 ab
1390 1668 1565 1754 oraculo-

234 1814 321 1866 tutu
338 1785 560 1900 frequentia
574 1809 617 1866 et
628 1786 851 1868 celebritate
868 1810 885 1866 ῖ-

290 1899 459 1982 Alterius
473 1905 759 2013 generistripus
773 1922 1026 2011 erat-opertus
1037 1896 1168 2010 parinal
1183 1927 1394 2012 prunarum
1413 1904 1568 2011 capaci}

233 2033 273 2094 et
285 2011 480 2094 adolendo
493 2013 599 2094 thuri
614 2011 829 2107 destinati,
863 2014 967 2094 unde
983 2014 1211 2122 tpcnvptsssttat
1230 2037 1270 2095 et
1285 2010 1423 2103 dedolet
1434 2013 1574 2120 hujus-³

232 2125 347 2207 modi
372 2127 543 2238 tripodes
568 2127 750 2240 appellati
767 2155 902 2240 ,.-quns
930 2130 1018 2207 Diis
1044 2126 1257 2219 omnibu-s,
1289 2133 1378 2238 ipsis
1408 2155 1570 2242 quoque

233 2267 460 2321 communes
477 2239 658 2322 heroibus
686 2267 803 2321 nemo
828 2244 962 2320 nescit.
1017 2237 1149 2320 Facile
1171 2239 1405 2322 crediderim
1435 2244 1570 2352 prioris

234 2355 388 2462 generis
402 2353 556 2462 tripoda
571 2353 676 2462 ‚aqui
692 2350 1011 2433 lebesdicebatur
1027 2413 1038 2449 ,
1058 2351 1294 2460 Cistophoro
1306 2351 1569 2438 commissum.

235 2461 478 2546 Lebes-enirn
495 2464 654 2578 quidam
674 2469 795 2575 tripos
810 2489 892 2544 erat
913 2463 1062 2574 abrupte,
1091 2462 1264 2576 Apollini
1282 2486 1323 2546 et
1339 2463 1494 2546 Baccho
1508 2464 1576 2546 di·-

234 2601 375 2673 catus,
404 2582 496 2689 quia
521 2582 676 2690 utrique
698 2579 749 2658 ad
774 2577 1230 2662 oracula-conveniens·
1257 2577 1366 2663 Illius
1391 2579 1588 2662 meminit²¹¹

236 2689 422 2802 Virgilius
438 2690 603 2773 Aeneid.
628 2692 705 2772 lx.-

350 2842 479 2918 Tertia
493 2835 585 2912 dona
588 2836 708 2942 facit,
727 2843 884 2944 geminos
901 2868 947 2915 ex
966 2861 1046 2914 aere
1059 2836 1186 2917 lebetes
1206 2881 1239 2934 ,ι

309 2943 327 3021 .’
352 2945 564 3057 Cy'mbr'aqae
585 2967 730 3055 argento
745 2949 932 3055 perfecta,
972 2965 1079 3058 atque
1092 2951 1350 3062 asperaſsgr‘tis.'

237 3089 426 3182 poculum
446 3081 587 3176 Bacchi
602 3077 802 3182 dicebatur
815 3086 958 3176 etiam,
995 3107 1034 3164 et
1054 3089 1094 3165 in
1109 3114 1159 3165 eo
1173 3086 1312 3178 viuum¹
1326 3089 1572 3199 temperaba-v

238 3230 311 3288 tur.
362 3197 404 3281 Iu
426 3200 672 3306 Dionysiacis
696 3195 970 3277 certaminibus
988 3202 1156 3279 victores
1175 3224 1224 3277 eo
1242 3196 1488 3284 donabantur
1504 3207 1574 3288 tri-

239 3317 371 3431 pode,
397 3309 463 3394 seu
493 3309 656 3400 lebete,
682 3309 790 3415 cujus
817 3307 956 3390 infima
982 3337 1068 3420 pars
1095 3313 1213 3392 ternis
1237 3311 1435 3396 insistebat
1462 3307 1575 3428 pediss

237 3434 309 3515 bus
330 3423 425 3530 [dlss
467 3531 471 3539 Ι
609 3521 613 3534 ,,
735 3527 738 3532 .
1130 3525 1137 3537 ,

302 3553 436 3648 Quam
456 3537 683 3646 negavimus
708 3537 747 3612 in
779 3537 956 3617 Asiaticis
970 3522 1213 3648 Cistophoris
1240 3536 1490 3646 pharetram,
1515 3559 1576 3628 ress

239 3671 483 3772 praesentare
508 3648 689 3732 videntur
710 3645 858 3728 Cretici
879 3706 891 3740 ‚
915 3649 1035 3730 ruodo
1063 3673 1194 3731 tamen
1209 3649 1264 3732 ad'
1273 3651 1576 3766 archetyporum·
1715 3715 1718 3726 .

245 3793 423 3852 normam
455 3761 620 3842 fideliter
644 3755 809 3872 expressi
835 3757 983 3842 fuerint
1003 3789 1025 3842 a
1048 3763 1221 3852 Goltzio.
1269 3767 1577 3854 Cretieosnum.
1687 3831 1692 3836 .

243 3909 363 3995 quam
379 3872 543 3986 contigit
559 3873 654 3980 mihi
675 3872 1131 3984 Cistophoros'inspicere
1148 3935 1159 3968 ,
1190 3877 1295 3957 und'e'
1312 3903 1489 3962 constare
1506 3877 1578 3997 poss

243 3991 438 4078 tuissetue
453 3987 657 4070 Goltziana
674 3985 907 4094 diligentia,
935 4015 1036 4098 quae
1058 3981 1230 4098 saepilrs,
1262 4017 1334 4069 nec
1348 3993 1545 4080 inmerito
1563 4061 1576 4098 ,

245 4105 463 4190 desiderata
477 4125 534 4180 est
551 4098 806 4181 incaelandis
821 4104 938 4179 eriam
950 4102 1131 4209 genuinis
1145 4101 1413 4184 numismatis(
1443 4099 1578 4215 Quare

246 4217 496 4302 addubitauit
519 4211 919 4324 ne'queruadmod'um
945 4211 985 4292 in
1001 4211 1139 4295 litteris
1155 4234 1252 4302 ΤΡΥ.
1269 4209 1318 4296 sr‘c
1336 4219 1379 4295 in
1396 4217 1580 4328 pharetra

332 4437 396 4512 [a]
417 4436 688 4498 Macrobtloeocit.¹
753 4436 814 4509 [l]
835 4434 1103 4496 lucian..indsttol.
1175 4431 1239 4514 [c]
1258 4440 1580 4519 Euripidniabecthana,
1605 4493 1608 4501 .

250 4519 322 4594 [a]
334 4514 435 4578 Athen.
455 4515 515 4578 Lib.
526 4518 573 4578 lt:
